=LDR  01918nam a22004694a 4500
=001  001556483
=003  CZ\PrUCL
=005  20200115094712.0
=008  170104s1995\\\\xr\\\\\\\\\\\\|||\||cze\d
=035  \\$a(ISIS-B80-ID)B9045225
=035  \\$a(ISIS-B80-MFN)92484
=040  \\$aABB060$bcze
=080  \\$a(048.8)$2MRF
=080  \\$a(082)$2MRF
=080  \\$a(=411.16)$2MRF
=245  00$aO Karlu Poláčkovi a o jiných :$bSborník příspěvků ze sympozia Karel Poláček a historie židovské kultury ve východních Čechách konaného 18.-20.května 1995 v Rychnově nad Kněžnou /$ck vydání připravil a vydavatelskou poznámku (s. 279) napsal Jaroslav Kolár.
=260  \\$aBoskovice :$bAlbert,$c1995.
=300  \\$a284 s.
=380  \\$iMajor genre$aSecondary literature$leng
=380  \\$iMajor genre$aLiterature$leng
=381  \\$iMajor genre$aOther$leng
=524  \\$aKOLÁR, Jaroslav: O Karlu Poláčkovi a o jiných : Sborník příspěvků ze sympozia Karel Poláček a historie židovské kultury ve východních Čechách konaného 18. -20. května 1995 v Rychnově nad Kněžnou. Boskovice : Albert, 1995.
=599  \\$axbibl
=600  17$aPoláček, Karel$d(1892-1944)$7jk01100136$2czenas$1http://viaf.org/viaf/22302144
=650  04$aliterarní archivy a muzea
=650  04$aliterárněvědné konference
=650  07$aosobnosti$7ph115615$2czenas
=650  07$aŽidé$7ph127782$2czenas
=651  \7$aRychnov nad Kněžnou (Česko)$7ge130705$2czenas
=651  \7$aČechy východní (Česko)$7ge131655$2czenas
=655  \7$asborníky$7fd163935$2czenas
=655  \7$astudie$7fd133597$2czenas
=700  1\$aKolár, Jaroslav$d(1929-2013)$4edt$7jk01061212$1http://viaf.org/viaf/4981868
=910  \\$aABB060
=964  \\$a02.10.02
=964  \\$a02.12.02
=964  \\$a05
=964  \\$aB80
=995  \\$aČeská Literární Bibliografie
=FMT  BK
=OWN  \\$aUCLA
=SIF  \\$ass

