=LDR  01231nam a22003494a 4500
=001  001556491
=003  CZ\PrUCL
=008  170104s1995\\\\xr\\\\\\\\\\\\|||\||cze\d
=035  \\$a(ISIS-B80-ID)B9045233
=035  \\$a(ISIS-B80-MFN)92492
=040  \\$aABB060$bcze
=080  \\$a(0:82-94)$2MRF
=100  1\$aKožík, František$d(1909-1997)$4aut$xOPRAVA UCL$1http://viaf.org/viaf/12432567
=245  10$aMoje Kroměříž /$cFrantišek Kožík
=260  \\$aKroměříž :$bVydavatelství PÁLková,$c1995
=300  \\$a47 s.
=380  \\$iMajor genre$aLiterature$leng
=381  \\$iMajor genre$aOther$leng
=520  2\$aKniha vzpomínek na dětství prožité v Kroměříži; s básněmi (Moje Kroměříž, Kroměřížské aleje aj.).
=524  \\$aKOŽÍK, František: Moje Kroměříž. Kroměříž : Vydavatelství PÁLková, 1995.
=599  \\$axbibl
=600  14$aKožík, František$d(1909-1997)$7jk01062651$2czenas$1http://viaf.org/viaf/12432567
=650  07$aosobnosti$7ph115615$2czenas
=651  \4$aKroměříž$xOPRAVA UCL
=655  \7$apaměti$7fd132997$2czenas
=910  \\$aABB060
=964  \\$a05
=964  \\$aB80
=995  \\$aČeská Literární Bibliografie
=FMT  BK
=OWN  \\$aUCLA
=SIF  \\$ass

