=LDR  01827nam a22004814a 4500
=001  001556519
=003  CZ\PrUCL
=005  20151110000000.0
=008  040721s1991\\\\gw\\\\\\\\\\\\|||\||cze\d
=035  \\$a(ISIS-B80-ID)B9045261
=035  \\$a(ISIS-B80-MFN)92520
=040  \\$aABB060$bcze
=080  \\$a(048.8)$2MRF
=080  \\$a(049.5)$2MRF
=245  00$aZur Poetik und Rezeption von Božena Němcovás "Babička" /$cherausgegeben und Vorwort Andreas Guski
=260  \\$aWiesbaden :$bOtto Harrassowitz,$c1991
=300  \\$a327 s.
=380  \\$iMajor genre$aSecondary literature$leng
=490  1\$aVeröffentlichungen der Abteilung für Slavische Sprachen und Literaturen des Osteuropa-Instituts (Slavisches Seminar) an der Freien Universität Berlin ;$vBd. 75
=524  \\$aGUSKI, Andreas: Zur Poetik und Rezeption von Božena Němcovás "Babička". Wiesbaden : Otto Harrassowitz, 1991.
=599  \\$axbibl
=600  14$aNěmcová, Božena$d(1820-1862)$xOPRAVA UCL$1http://viaf.org/viaf/56763450
=648  \7$a1851-1900$7ch460575$2czenas
=650  04$ačesko-německé vztahy$xOPRAVA UCL
=650  07$aosobnosti$7ph115615$2czenas
=650  07$ačeská próza$7ph116861$2czenas
=650  \7$aCzech literature$2ELB-n
=655  \7$aankety$7fd131815$2czenas
=655  \7$astudie$7fd133597$2czenas
=700  1\$aGuski, Andreas$4edt$4aui$xOPRAVA UCL
=787  08$aNěmcová, Božena$tBabička$4próza
=830  \0$aVeröffentlichungen der Abteilung für Slavische Sprachen und Literaturen des Osteuropa-Instituts (Slavisches Seminar) an der Freien Universität Berlin
=910  \\$aABB060
=964  \\$a03.04.02
=964  \\$a04.17.08
=964  \\$a05
=964  \\$aB80
=964  \\$aMBK
=995  \\$aČeská Literární Bibliografie
=FMT  BK
=OWN  \\$aUCLA
=SIF  \\$ass
=ZAR  \\$hpróza

