=LDR  02237nam a22005054a 4500
=001  001556537
=003  CZ\PrUCL
=008  170104s1990\\\\xr\\\\\\\\\\\\|||\||cze\d
=035  \\$a(ISIS-B80-ID)B9045279
=035  \\$a(ISIS-B80-MFN)92538
=040  \\$aABB060$bcze
=080  \\$a(083.82)$2MRF
=245  00$aKatalog českých lidových balad :$bI. Demonologické náměty. II. Legendární náměty /$csestavili a slovo Úvodem (s. I-IV) napsali Marta Šrámková, Oldřich Sirovátka
=260  \\$aBrno :$bÚstav slavistiky ČSAV,$c1990
=300  \\$aIV, 192 s. Rozmnoženo
=380  \\$iMajor genre$aLiterature$leng
=381  \\$iMajor genre$aOther$leng
=490  1\$aSlavistický archív ;$vsv. 1
=520  2\$aKatalog (obsahující 8 demonologických a 42 legendárních čísel) je součástí projektu katalogizace evropských lidových balad a navazuje na Katalog českých lidových balad (IV. Rodinná tematika, 45 čísel), zpracovala M. Šrámková (Praha, Ústav pro etnografii a folkloristiku ČSAV 1970).
=524  \\$aŠRÁMKOVÁ, Marta - SIROVÁTKA, Oldřich: Katalog českých lidových balad : I. Demonologické náměty. II. Legendární náměty. Brno : Ústav slavistiky ČSAV, 1990.
=599  \\$axbibl
=650  04$adalší literární druhy a žánry$xOPRAVA UCL
=650  04$aliterární bibliografie a různé soupisy$xOPRAVA UCL
=650  07$abalady$7ph118731$2czenas
=650  07$adějiny české literatury$7ph483973$2czenas
=650  07$alidová slovesnost$7ph122308$2czenas
=650  07$alidové písně$7ph122317$2czenas
=650  \7$aBallad$2ELB-g
=650  \7$aCzech literature$2ELB-n
=650  \7$aFolk literature$2ELB-g
=650  \7$aFolk song$2ELB-g
=655  \7$akatalogy$7fd132535$2czenas
=700  1\$aSirovátka, Oldřich$d(1925-1992)$4com$4aui$7jk01111353$1http://viaf.org/viaf/56643944
=700  1\$aŠrámková, Marta$d(1935- )$4com$4aui$7jk01131011$1http://viaf.org/viaf/25012860
=787  08$tKatalog českých lidových balad$4YYY
=830  \0$aSlavistický archív
=910  \\$aABB060
=964  \\$a02.04
=964  \\$a02.12.01
=964  \\$a03.01
=964  \\$aB80
=995  \\$aČeská Literární Bibliografie
=FMT  BK
=OWN  \\$aUCLA
=SIF  \\$ass

