=LDR  02212nam a22004814a 4500
=001  001556538
=003  CZ\PrUCL
=005  20210309114303.0
=008  170104s1995\\\\xr\\\\\\\\\\\\|||\||cze\d
=035  \\$a(ISIS-B80-ID)B9045280
=035  \\$a(ISIS-B80-MFN)92539
=040  \\$aABB060$bcze
=080  \\$a(0:82-4)$2MRF
=080  \\$a(0:82-94)$2MRF
=100  1\$aTomáš, František$d(1923- )$7ola2003169607$4aut$1http://viaf.org/viaf/59498548
=245  10$aNadzdvihování tíže :$b(Z rozhlasové stanice Svobodná Evropa.) /$cFrantišek Tomáš.
=260  \\$aPraha :$bAcademia,$c1995.
=300  \\$a120 s.
=380  \\$iMajor genre$aLiterature$leng
=381  \\$iMajor genre$aOther$leng
=520  2\$aVýběr z fejetonů, cestopisů, reportáží, satir, podobizen lidí i zemí a deníkových záznamů ze čtyřicetileté autorovy práce v rozhlasové stanici Svobodná Evropa; mj. o: Firt Julius, Čep Jan, Peroutka Ferdinand, Seifert Jaroslav, Masaryk Tomáš Garrigue, Jedlička Josef.
=524  \\$aTOMÁŠ, František: Nadzdvihování tíže : (Z rozhlasové stanice Svobodná Evropa. ). Praha : Academia, 1995.
=599  \\$axbibl
=600  17$aFirt, Julius$d(1897-1979)$7jk01031244$2czenas$1http://viaf.org/viaf/24650179
=600  17$aJedlička, Josef$d(1927-1990)$7jk01051416$2czenas$1http://viaf.org/viaf/39632022
=600  17$aMasaryk, Tomáš Garrigue$d(1850-1937)$7jk01080472$2czenas$1http://viaf.org/viaf/56651696
=600  17$aPeroutka, Ferdinand$d(1895-1978)$7jk01092591$2czenas$1http://viaf.org/viaf/34499510
=600  17$aSeifert, Jaroslav$d(1901-1986)$7jk01110657$2czenas$1http://viaf.org/viaf/12317734
=600  17$aČep, Jan$d(1902-1974)$7jk01021241$2czenas$1http://viaf.org/viaf/44339596
=610  27$aRadio Free Europe$7kn20010711375$2czenas
=650  07$aexilové vysílání$7ph669705$2czenas
=650  07$arozhlasové stanice$7ph125253$2czenas
=650  07$arozhlasové vysílání$7ph125254$2czenas
=655  \7$afejetony$7fd132252$2czenas
=655  \7$amedailony$7fd185951$2czenas
=910  \\$aABB060
=964  \\$a02.06
=964  \\$a03.16
=964  \\$aB80
=995  \\$aČeská Literární Bibliografie
=FMT  BK
=OWN  \\$aUCLA
=SIF  \\$ass

