=LDR  01475nam a22004094a 4500
=001  001556539
=003  CZ\PrUCL
=005  20210305143430.0
=008  170104s1995\\\\xr\\\\\\\\\\\\|||\||cze\d
=035  \\$a(ISIS-B80-ID)B9045281
=035  \\$a(ISIS-B80-MFN)92540
=040  \\$aABB060$bcze
=080  \\$a(0:82-94)$2MRF
=100  1\$aKroupa, Adolf$d(1910-1981)$7jk01063460$4aut$1http://viaf.org/viaf/45112823
=245  10$aMlžné galaxie :$b(Rozhlasové promluvy.) /$cAdolf Kroupa ; doslov Za Adolfem Kroupou (s. 151-172, datováno 1981 a 1995) napsal Ivan Slavík.
=260  \\$aBrno :$bPetrov,$c1995.
=300  \\$a175 s.
=380  \\$iMajor genre$aLiterature$leng
=381  \\$iMajor genre$aOther$leng
=520  2\$aKniha vzpomínek; s bibliografií A. K. (s. 111-148).
=524  \\$aKROUPA, Adolf - SLAVÍK, Ivan: Mlžné galaxie : (Rozhlasové promluvy. ). Doslov Za Adolfem Kroupou napsal Ivan Slavík. Brno : Petrov, 1995.
=599  \\$axbibl
=600  17$aKroupa, Adolf$d(1910-1981)$7jk01063460$2czenas$1http://viaf.org/viaf/45112823
=650  07$arozhlasové komentáře$7ph188870$2czenas
=655  \7$apaměti$7fd132997$2czenas
=700  1\$aSlavík, Ivan$d(1920-2002)$4aft$7jk01111857$1http://viaf.org/viaf/76392272
=910  \\$aABB060
=964  \\$a02.06
=964  \\$a02.08
=964  \\$a02.12.01
=964  \\$a03.05
=964  \\$a05
=964  \\$aB80
=995  \\$aČeská Literární Bibliografie
=FMT  BK
=OWN  \\$aUCLA
=SIF  \\$ass

