=LDR  01154nam a22003374a 4500
=001  001556540
=003  CZ\PrUCL
=005  20200824132453.0
=008  170104s1994\\\\xr\\\\\\\\\\\\|||\||cze\d
=035  \\$a(ISIS-B80-ID)B9045282
=035  \\$a(ISIS-B80-MFN)92541
=040  \\$aABB060$bcze
=080  \\$a(048.8)$2MRF
=100  1\$aUrbánková, Vlasta$d(1936- )$7mzk2006355711$4aut$1http://viaf.org/viaf/84678878
=245  10$aNavštivte mne s podzimem :$bAnna Pammrová a lidé kolem ní /$cVlasta Urbánková.
=260  \\$aTišnov :$bNakladatelství Borek,$c1994.
=300  \\$a212 s.
=380  \\$iMajor genre$aSecondary literature$leng
=520  2\$aMonografie.
=524  \\$aURBÁNKOVÁ, Vlasta: Navštivte mne s podzimem : Anna Pammrová a lidé kolem ní. Tišnov : Nakladatelství Borek, 1994.
=599  \\$axbibl
=600  17$aPammrová, Anna$d(1860-1945)$7jk01091623$2czenas$1http://viaf.org/viaf/13117720
=650  07$aosobnosti$7ph115615$2czenas
=655  \7$amonografie$7fd132842$2czenas
=910  \\$aABB060
=964  \\$a05
=964  \\$aB80
=995  \\$aČeská Literární Bibliografie
=FMT  BK
=OWN  \\$aUCLA
=SIF  \\$ass

