=LDR  02067nam a22005534a 4500
=001  001556541
=003  CZ\PrUCL
=005  20150214000000.0
=008  050817s1995\\\\xr\\\\\\\\\\\\|||\||cze\d
=035  \\$a(ISIS-B80-ID)B9045283
=035  \\$a(ISIS-B80-MFN)92542
=040  \\$aABB060$bcze
=080  \\$a(035)$2MRF
=100  1\$aDorovský, Ivan$d(1935-2021)$7jk01022745$4aut$1http://viaf.org/viaf/54167812
=245  10$aDramatické umění jižních Slovanů :$b1.část (1918-1941) /$cIvan Dorovský
=260  \\$aBrno :$bMasarykova univerzita, fakulta filozofická,$c1995
=300  \\$a194 s.
=380  \\$iMajor genre$aSecondary literature$leng
=490  1\$aSpisy Filozofické fakulty MU v Brně ;$vč. 302
=520  2\$aMj. s kapitolami: Recepce jihoslovanské dramatické tvorby u nás (s. 129-157); Recepce bulharské dramatické tvorby u nás (s. 158-163); se jmenným rejstříkem.
=524  \\$aDOROVSKÝ, Ivan: Dramatické umění jižních Slovanů : 1. část (1918-1941). Brno : Masarykova univerzita, fakulta filozofická, 1995.
=599  \\$axbibl
=650  04$arecepce$xOPRAVA UCL
=650  07$abulharské drama$7ph202916$2czenas
=650  07$adivadlo$7ph119513$2czenas
=650  07$ajihoslovanské literatury$7ph121361$2czenas
=650  07$aliterární komparatistika$7ph137146$2czenas
=650  07$amakedonské drama$7ph233627$2czenas
=650  07$aslovinské drama$7ph125690$2czenas
=650  07$ašpanělské drama$7ph187620$2czenas
=650  \7$aBulgarian literature$2ELB-n
=650  \7$aDrama$2ELB-g
=650  \7$aSlavic literature$2ELB-n
=650  \7$aMacedonian literature$2ELB-n
=650  \7$aSlovenian literature$2ELB-n
=650  \7$aSpanish literature$2ELB-n
=655  \7$apříručky$7fd133209$2czenas
=830  \0$aSpisy Filozofické fakulty MU v Brně
=910  \\$aABB060
=964  \\$a02.07
=964  \\$a04.02.03
=964  \\$a04.26.03
=964  \\$a04.28.03
=964  \\$a04.52.03
=964  \\$aB80
=995  \\$aČeská Literární Bibliografie
=FMT  BK
=OWN  \\$aUCLA
=SIF  \\$ass

