=LDR  01923nam a22004814a 4500
=001  001556544
=003  CZ\PrUCL
=005  20150215000000.0
=008  150215s1995\\\\xr\\\\\\\\\\\\|||\||cze\d
=035  \\$a(ISIS-B80-ID)B9045286
=035  \\$a(ISIS-B80-MFN)92545
=040  \\$aABB060$bcze
=080  \\$a(01)$2MRF
=080  \\$a(0:82-94)$2MRF
=245  00$aVladimir Andrejevič Francev :$b(1867-1942). Písemná pozůstalost /$czpracovala Marta Zahradníková
=260  \\$aPraha :$bLiterární archív Památníku národního písemnictví :$bSlovanský ústav,$c1995
=300  \\$a40 s.
=380  \\$iMajor genre$aSecondary literature$leng
=380  \\$iMajor genre$aLiterature$leng
=381  \\$iMajor genre$aOther$leng
=490  1\$aLA PNP. Edice inventářů ;$vč. 482
=520  2\$aSoupis dokladů, korespondence, rukopisů, tisků, výstřižků a varií; s úvodním medailónkem (s. 3-5).
=524  \\$aZAHRADNÍKOVÁ, Marta: Vladimir Andrejevič Francev : (1867-1942). Písemná pozůstalost. Praha : Literární archív Památníku národního písemnictví : Slovanský ústav, 1995.
=599  \\$axbibl
=600  17$aFrancev, Vladimir Andreevič$d(1867-1942)$7jk01031691$2czenas$1http://viaf.org/viaf/37717212
=650  04$aliterární bibliografie a různé soupisy$xOPRAVA UCL
=650  04$apozůstalosti$xOPRAVA UCL
=650  04$aruská literární historie$xOPRAVA UCL
=650  07$aosobnosti$7ph115615$2czenas
=650  07$aslavistika$7ph116178$2czenas
=655  \7$abibliografie$7fd131898$2czenas
=655  \7$amedailony$7fd185951$2czenas
=700  1\$aZahradníková, Marta$d(1940-2005)$4edt$7ola2003201118$1http://viaf.org/viaf/63867372
=830  \0$aLA PNP. Edice inventářů
=910  \\$aABB060
=964  \\$a02.12.01
=964  \\$a04.23.05
=964  \\$a05
=964  \\$aB80
=995  \\$aČeská Literární Bibliografie
=FMT  BK
=OWN  \\$aUCLA
=SIF  \\$ass

