=LDR  02976nam a22005414a 4500
=001  001556545
=003  CZ\PrUCL
=005  20190620230705.0
=008  170104s1995\\\\xr\\\\\\\\\\\\|||\||cze\d
=035  \\$a(ISIS-B80-ID)B9045287
=035  \\$a(ISIS-B80-MFN)92546
=040  \\$aABB060$bcze
=080  \\$a(01)$2MRF
=080  \\$a(0:82-94)$2MRF
=245  00$aKonstantin Alexandrovič Čcheidze, Sergej Jakovlevič Savinov, Michail Alexandrovič Sukennikov, Alexandr Alexejevič Umancev, Valerij Sergejevič Vilinskij, Konstantin Konstantinovič Viskovatyj :$bpísemná pozůstalost (fragmenty) /$czpracovala Marta Zahradníková.
=260  \\$aPraha :$bLiterární archív Památníku národního písemnictví :$bSlovanský ústav,$c1995.
=300  \\$a24 s.
=380  \\$iMajor genre$aSecondary literature$leng
=380  \\$iMajor genre$aLiterature$leng
=381  \\$iMajor genre$aOther$leng
=490  1\$aLA PNP. Edice inventářů ;$vč. 481
=520  2\$aSoupis dokladů, korespondence, rukopisů, tisků, výstřižků a fotografií; s úvodními medailónky: K. A. Č. (s. 3-4); Savinov Sergej Jakovlevič (s. 11); Sukennikov Michail Aleksandrovič (s. 13); Umancev Aleksandr Aleksejevič (s. 16); Vilinskij Valerij Sergejevič (s. 20); Viskovatyj Konstantin Konstantinovič (s. 21).
=524  \\$aZAHRADNÍKOVÁ, Marta: Konstantin Alexandrovič Čcheidze, Sergej Jakovlevič Savinov, Michail Alexandrovič Sukennikov, Alexandr Alexejevič Umancev, Valerij Sergejevič Vilinskij, Konstantin Konstantinovič Viskovatyj : písemná pozůstalost (fragmenty). Praha : Literární archív Památníku národního písemnictví : Slovanský ústav, 1995.
=599  \\$axbibl
=600  14$aSukennikov, Michail Aleksandrovič
=600  17$aSavinov, Sergej Jakovlevič$d(1897- )$7av20191039952$2czenas$1http://viaf.org/viaf/11156251754107991110
=600  17$aUmancev, Aleksandr Aleksejevič$d(1893-1982)$7jo2002111901$2czenas$1http://viaf.org/viaf/84139969
=600  17$aVilinskīĭ, Valerīĭ$d(1903-1955)$7jk01142393$2czenas$1http://viaf.org/viaf/108005577
=600  17$aViskovatyj, Konstantin Konstantinovič$d(1889-1953)$7js2014818733$2czenas$1http://viaf.org/viaf/308252057
=600  17$aČcheidze, Konstantin A$d(1897-1974)$7jk01021792$2czenas$1http://viaf.org/viaf/32925441
=650  04$aliterární bibliografie a různé soupisy$xOPRAVA UCL
=650  04$apozůstalosti$xOPRAVA UCL
=650  07$aosobnosti$7ph115615$2czenas
=650  07$aruská literatura$7ph125327$2czenas
=650  \7$aRussian literature$2ELB-n
=655  \7$abibliografie$7fd131898$2czenas
=655  \7$amedailony$7fd185951$2czenas
=700  1\$aZahradníková, Marta$d(1940-2005)$4edt$7ola2003201118$1http://viaf.org/viaf/63867372
=830  \0$aLA PNP. Edice inventářů
=910  \\$aABB060
=964  \\$a02.12.01
=964  \\$a04.23
=964  \\$a05
=964  \\$aB80
=995  \\$aČeská Literární Bibliografie
=FMT  BK
=OWN  \\$aUCLA
=SIF  \\$ass

