=LDR  01842nam a22004574a 4500
=001  001556546
=003  CZ\PrUCL
=008  170104s1995\\\\xr\\\\\\\\\\\\|||\||cze\d
=035  \\$a(ISIS-B80-ID)B9045288
=035  \\$a(ISIS-B80-MFN)92547
=040  \\$aABB060$bcze
=080  \\$a(01)$2MRF
=080  \\$a(0:82-94)$2MRF
=245  00$aVladimir Nikolajevič Tukalevskij :$b(1881-1936). Písemná pozůstalost /$czpracovala Marta Dandová
=260  \\$aPraha :$bLiterární archív Památníku národního písemnictví :$bSlovanský ústav,$c1995
=300  \\$a12 s.
=380  \\$iMajor genre$aSecondary literature$leng
=380  \\$iMajor genre$aLiterature$leng
=381  \\$iMajor genre$aOther$leng
=490  1\$aLA PNP. Edice inventářů ;$vč. 485
=520  2\$aSoupis dokladů, korespondence, rukopisů, tisků, výstřižků a fotografií; s úvodním medailónkem (s. 3).
=524  \\$aDANDOVÁ, Marta: Vladimir Nikolajevič Tukalevskij : (1881-1936). Písemná pozůstalost. Praha : Literární archív Památníku národního písemnictví : Slovanský ústav, 1995.
=599  \\$axbibl
=600  17$aTukalevskij, Vladimir Nikolaevič$d(1881-1936)$7jk01140355$2czenas$1http://viaf.org/viaf/78586929
=650  04$aliterární bibliografie a různé soupisy$xOPRAVA UCL
=650  04$apozůstalosti$xOPRAVA UCL
=650  04$aruská literární historie$xOPRAVA UCL
=650  07$aosobnosti$7ph115615$2czenas
=655  \7$abibliografie$7fd131898$2czenas
=655  \7$amedailony$7fd185951$2czenas
=700  1\$aDandová, Marta$d(1934- )$4edt$7xx0011490$1http://viaf.org/viaf/57597405
=830  \0$aLA PNP. Edice inventářů
=910  \\$aABB060
=964  \\$a02.12.01
=964  \\$a04.23.05
=964  \\$a05
=964  \\$aB80
=995  \\$aČeská Literární Bibliografie
=FMT  BK
=OWN  \\$aUCLA
=SIF  \\$ass

