=LDR  03665nam a22007934a 4500
=001  001556548
=003  CZ\PrUCL
=005  20200623212001.0
=008  170104s1996\\\\xr\\\\\\\\\\\\|||\||cze\d
=020  \\$a80-85085-19-4
=035  \\$a(ISIS-B80-ID)B9045290
=035  \\$a(ISIS-B80-MFN)92549
=040  \\$aABB060$bcze
=080  \\$a(01)$2MRF
=080  \\$a(083.82)$2MRF
=245  00$aDnešek je celý nesvůj :$bčeská literatura 1945-1948. Výstava, 1. únor - 8. květen 1996 /$clibreto a scénář výstavy napsaly Růžena Hamanová, Anna Jonáková ; úvodní text napsal Jiří Staněk.
=260  \\$aPraha :$bPamátník národního písemnictví,$c1996.
=300  \\$a78 s.
=380  \\$iMajor genre$aSecondary literature$leng
=380  \\$iMajor genre$aLiterature$leng
=381  \\$iMajor genre$aOther$leng
=506  \\$aBez čísla ČNB.
=520  2\$aKatalog; s úvodem Kulturně politické a estetické koncepce v období 1945-1948 (s. 8-21); oddíl Panorama 1945-1948 (s. 22-43) obsahuje chronologický přehled významných politických a kulturně politických událostí, výběrové soupisy vydaných titulů, Přehledy literárních a uměleckých časopisů; v oddílu Česká literatura v letech 1945-1948 (s. 43-52) mj. o spisovatelích kolem Svobodných novin, o skupině katolických autorů, o skupině kolem Mladé fronty, o Surrealistické skupině, Skupině Ra, Skupině 42, o skupině kolem sborníku Ohnice; s obrazovou přílohou (s. 53-63), se soupisem vystavených exponátů (s. 65-77).
=524  \\$aHAMANOVÁ, Růžena - JONÁKOVÁ, Anna - STANĚK, Jiří et al.: Dnešek je celý nesvůj : česká literatura 1945-1948. Výstava, 1. únor - 8. květen 1996. Úvodní text napsal Jiří Staněk. Praha : Památník národního písemnictví, 1996.
=599  \\$axbibl
=610  27$aSkupina 42 (umělecká skupina)$7kn20010710614$2czenas
=610  27$aSkupina Ra (umělecká skupina)$7kn20040302006$2czenas
=610  27$aSkupina surrealistů v ČSR$7xx0159603$2czenas
=611  24$aDnešek je celý nesvůj (výstava)$d(1995-1996 :$cPraha, Česko)
=648  \7$a1941-1950$7ch460582$2czenas
=650  07$akulturní život$7ph122030$2czenas
=650  07$aliteratura a politika$7ph122370$2czenas
=650  07$aliterární spolky$7ph370248$2czenas
=650  07$aliterární časopisy$7ph122407$2czenas
=655  \7$abibliografie$7fd131898$2czenas
=655  \7$akatalogy$7fd132535$2czenas
=700  1\$aHamanová, Růžena$d(1942- )$4edt$7jk01033275$1http://viaf.org/viaf/73984875
=700  1\$aJonáková, Anna$d(1943-2016)$4edt$7jo2003197014$1http://viaf.org/viaf/34612653
=700  1\$aStaněk, Jiří$d(1948- )$4aui$7js20011212097$1http://viaf.org/viaf/84208079
=787  08$tAkord$4časopis
=787  08$tAktiv$4časopis
=787  08$tBlok$4časopis
=787  08$tDnešek$4časopis
=787  08$tGenerace$4časopis
=787  08$tKritický měsíčník$4časopis
=787  08$tKulturní politika$4časopis
=787  08$tKvart$4časopis
=787  08$tKytice$4časopis
=787  08$tList$4časopis
=787  08$tListy$4časopis
=787  08$tLiterární noviny$4noviny
=787  08$tMladá fronta$4noviny
=787  08$tMladé archy$4časopis
=787  08$tObzory$4časopis
=787  08$tOhnice$4sborník
=787  08$tSvobodné noviny$4noviny
=787  08$tTvorba$4časopis
=787  08$tVar$4časopis
=787  08$tVyšehrad$4časopis
=910  \\$aABB060
=964  \\$a02.10.01
=964  \\$a02.11
=964  \\$a02.12.03
=964  \\$a03.10
=964  \\$aB80
=995  \\$aČeská Literární Bibliografie
=FMT  BK
=OWN  \\$aUCLA
=SIF  \\$ass

