=LDR  01764nam a22004574a 4500
=001  001556786
=003  CZ\PrUCL
=005  20210305142706.0
=008  170104s1996\\\\xr\\\\\\\\\\\\|||\||cze\d
=035  \\$a(ISIS-B80-ID)B9045310
=035  \\$a(ISIS-B80-MFN)92787
=040  \\$aABB060$bcze
=041  1\$acze$heng
=080  \\$a(048.8)$2MRF
=100  1\$aScruton, Roger$d(1944-2020)$7skuk0001256$4aut$1http://viaf.org/viaf/99557480
=245  10$aKant /$cRoger Scruton ; z anglického originálu Kant (Oxford, Oxford University Press 1983) přeložil Pavel Toman.
=260  \\$aPraha :$bArgo,$c1996.
=300  \\$a120 s.
=380  \\$iMajor genre$aSecondary literature$leng
=490  1\$aOsobnosti
=500  \\$aNa obálce a titulním listě jako spoluvydavatel uveden Odeon.
=520  2\$aMonografie, mj. s kapitolou Krása a záměr (s. 95-109); s doporučenou bibliografií (české a slovenské překlady Kantových děl), s rejstříkem.
=524  \\$aSCRUTON, Roger - TOMAN, Pavel: Kant. Z anglického originálu Kant (Oxford, Oxford University Press 1983) přeložil Pavel Toman. Praha : Argo, 1996.
=599  \\$axbibl
=600  17$aKant, Immanuel$d(1724-1804)$7jn19990004171$2czenas$1http://viaf.org/viaf/82088490
=650  07$aestetika$7ph117189$2czenas
=650  07$afilozofické myšlení$7ph137813$2czenas
=650  07$afilozofie$7ph114540$2czenas
=650  07$afilozofové$7ph117191$2czenas
=655  \7$amonografie$7fd132842$2czenas
=700  1\$aToman, Pavel$4trl$7jn20001005034$1http://viaf.org/viaf/84051027
=830  \0$aOsobnosti
=910  \\$aABB060
=964  \\$a02.06
=964  \\$a04.17.04
=964  \\$a05
=964  \\$aB80
=995  \\$aČeská Literární Bibliografie
=FMT  BK
=OWN  \\$aUCLA
=SIF  \\$ass

