=LDR  01692nam a22004574a 4500
=001  001556787
=003  CZ\PrUCL
=005  20210305142536.0
=008  170104s1996\\\\xr\\\\\\\\\\\\|||\||cze\d
=035  \\$a(ISIS-B80-ID)B9045311
=035  \\$a(ISIS-B80-MFN)92788
=040  \\$aABB060$bcze
=041  1\$acze$heng
=080  \\$a(048.8)$2MRF
=100  1\$aStorr, Anthony$d(1920-2001)$7jn19990008294$4aut$1http://viaf.org/viaf/108321771
=245  10$aFreud /$cAnthony Storr ; z anglického originálu Freud (Oxford, Oxford University Press 1989) přeložil Jiří Míka.
=260  \\$aPraha :$bArgo,$c1996.
=300  \\$a159 s.
=380  \\$iMajor genre$aSecondary literature$leng
=490  1\$aOsobnosti
=520  2\$aMonografie, mj. s kapitolami Umění a literatura (s. 85-96), Kultura a náboženství (s. 97-107); se soupisem literatury, s rejstříkem jmenným a věcným.
=524  \\$aSTORR, Anthony - MÍKA, Jiří: Freud. Z anglického originálu Freud (Oxford, Oxford University Press 1989) přeložil Jiří Míka. Praha : Argo, 1996.
=599  \\$axbibl
=600  17$aFreud, Sigmund$d(1856-1939)$7jk01031841$2czenas$1http://viaf.org/viaf/34456780
=650  07$akultura$7ph122009$2czenas
=650  07$anáboženství$7ph115485$2czenas
=650  07$apsychoanalytici$7ph124789$2czenas
=650  07$apsychoanalýza$7ph117255$2czenas
=650  07$aumění$7ph116538$2czenas
=655  \7$amonografie$7fd132842$2czenas
=700  1\$aMíka, Jiří$4trl
=830  \0$aOsobnosti
=910  \\$aABB060
=964  \\$a02.06
=964  \\$a04.17
=964  \\$a05
=964  \\$aB80
=995  \\$aČeská Literární Bibliografie
=FMT  BK
=OWN  \\$aUCLA
=SIF  \\$ass

