=LDR  02564nam a22005174a 4500
=001  001556815
=003  CZ\PrUCL
=005  20200830184055.0
=008  170104s1995\\\\xr\\\\\\\\\\\\|||\||cze\d
=035  \\$a(ISIS-B80-ID)B9045339
=035  \\$a(ISIS-B80-MFN)92816
=040  \\$aABB060$bcze
=080  \\$a(048.8)$2MRF
=080  \\$a(082)$2MRF
=245  00$aPrvní světová válka, moderní demokracie a T.G.Masaryk :$bSborník příspěvků z mezinárodní vědecké konference pořádané Ústavem T.G.Masaryka ve dnech 22.-24.září 1994 na zámku v Liblicích u Mělníka /$cusp. Jaroslav Opat ; redakčně připravil Stanislav Polák.
=260  \\$aPraha :$bÚstav T.G.Masaryka,$c1995.
=300  \\$a355 s.
=380  \\$iMajor genre$aSecondary literature$leng
=380  \\$iMajor genre$aLiterature$leng
=381  \\$iMajor genre$aOther$leng
=520  2\$aMj. s příspěvky: Zimmermann Hans Dieter, Práce na mýtu. Literáti a první světová válka (s. 44-51); Kautman František, Strukturální změny, které vyvolala první světová válka v krásné literatuře (s. 135-138).
=524  \\$aOPAT, Jaroslav - POLÁK, Stanislav: První světová válka, moderní demokracie a T. G. Masaryk : Sborník příspěvků z mezinárodní vědecké konference pořádané Ústavem T. G. Masaryka ve dnech 22. -24. září 1994 na zámku v Liblicích u Mělníka. Redakčně připravil Stanislav Polák. Praha : Ústav T. G. Masaryka, 1995.
=599  \\$axbibl
=600  17$aKautman, František$d(1927-2016)$7jk01053268$2czenas$1http://viaf.org/viaf/114433366
=600  17$aMasaryk, Tomáš Garrigue$d(1850-1937)$7jk01080472$2czenas$1http://viaf.org/viaf/56651696
=600  17$aZimmermann, Hans Dieter$d(1940- )$7jn20000605727$2czenas$1http://viaf.org/viaf/216307096
=650  04$aliterárněvědné konference$xOPRAVA UCL
=650  04$aostatní literatury$xOPRAVA UCL
=650  04$aválečná literatura$xOPRAVA UCL
=650  07$amýty$7ph123146$2czenas
=650  07$aosobnosti$7ph115615$2czenas
=650  07$aválky$7ph144863$2czenas
=650  \7$aWar literature$2ELB-g
=655  \7$asborníky$7fd163935$2czenas
=655  \7$astudie$7fd133597$2czenas
=700  1\$aOpat, Jaroslav$d(1924-2015)$4com$7jk01091156$1http://viaf.org/viaf/98097520
=700  1\$aPolák, Stanislav$d(1936-2017)$4red$7jn20000710482$1http://viaf.org/viaf/100966034
=910  \\$aABB060
=964  \\$a02.10.02
=964  \\$a04
=964  \\$a05
=964  \\$aB80
=995  \\$aČeská Literární Bibliografie
=FMT  BK
=OWN  \\$aUCLA
=SIF  \\$ass

