=LDR  03743nam a22005894a 4500
=001  001556816
=003  CZ\PrUCL
=005  20200730130244.0
=008  060519s1995\\\\xr\\\\\\\\\\\\|||\||cze\d
=035  \\$a(ISIS-B80-ID)B9045340
=035  \\$a(ISIS-B80-MFN)92817
=040  \\$aABB060$bcze
=080  \\$a(048.8)$2MRF
=100  1\$aOpat, Jaroslav$d(1924-2015)$7jk01091156$4aut$1http://viaf.org/viaf/98097520
=245  10$aMasarykiana a jiné studie :$b1980-1994 /$cJaroslav Opat ; úvod (s. 5-6) napsal Josef Zumr.
=260  \\$aPraha :$bÚstav T.G.Masaryka,$c1995.
=300  \\$a172 s.
=380  \\$iMajor genre$aSecondary literature$leng
=520  2\$aSoubor studií: Zdeněk Kalista (Úvaha k osmdesátinám českého historika), s. 7-18 (Kalista Zdeněk); Šance pro "střední" Evropu? (s. 19-35, mj. o eseji: Kundera Milan, Únos Západu); Glosy ke dvěma kritikám T. G. Masaryka (s. 36-61, o: Nejedlý Zdeněk, Patočka Jan); Masarykovo filozofické krédo a zkušenost dějin 20. století (s. 62-72); Nad třemi knihami o T. G. Masarykovi (s. 73-85, o třísvazkovém sborníku příspěvků z mezinárodní vědecké konference konané v prosinci 1986 T. G. Masaryk (1850-1937). Sv. 1. Thinker and Politician (editor Winters Stanley B., 1990); sv. 2. Thinker and Critic (editor Pynsent Robert B., 1989); sv. 3. Statesman and Cultural Force (editor Hanak Harry, 1990); Odkaz T. G. Masaryka a současné diskuse o základech vztahů mezi Čechy a Slováky (s. 86-94); Masarykovo evropanství jako pojem a politický program (s. 95-107); Příroda a člověk u T. G. Masaryka (s. 108-113); Teze k Masarykově národnostní a státoprávní filozofii do roku 1918 (s. 114-121); Na co navazovat (s. 122-124); T. G. Masaryk kritik a harmonizátor života (s. 125-142); Edvard Beneš 1945-1948 - tragédie státníka demokrata (s. 143-165, Beneš Edvard); s doslovem autora (s. 166-167).
=524  \\$aOPAT, Jaroslav - ZUMR, Josef: Masarykiana a jiné studie : 1980-1994. Úvod napsal Josef Zumr. Praha : Ústav T. G. Masaryka, 1995.
=599  \\$axbibl
=600  14$aNejedlý, Zdeněk$d(1878-1962)$xOPRAVA UCL$1http://viaf.org/viaf/51725461
=600  17$aBeneš, Edvard$d(1884-1948)$7jk01011576$2czenas$1http://viaf.org/viaf/39418979
=600  17$aHanak, Harry$d(1930-2007)$7mzk2015858089$2czenas$1http://viaf.org/viaf/14809658
=600  17$aKalista, Zdeněk$d(1900-1982)$7jk01052690$2czenas$1http://viaf.org/viaf/111016600
=600  17$aKundera, Milan$d(1929- )$7jk01070894$2czenas$1http://viaf.org/viaf/51691735
=600  17$aMasaryk, Tomáš Garrigue$d(1850-1937)$7jk01080472$2czenas$1http://viaf.org/viaf/56651696
=600  17$aPatočka, Ján$d(1907-1977)$7jk01091914$2czenas$1http://viaf.org/viaf/49229907
=600  17$aPynsent, Robert B$d(1943- )$7jn19992000918$2czenas$1http://viaf.org/viaf/5458591
=600  17$aWinters, Stanley B$d(1924-2011)$7xx0021061$2czenas$1http://viaf.org/viaf/36930019
=648  \4$a1901-2000$xOPRAVA UCL
=650  07$ademokracie$7ph117182$2czenas
=650  07$adějiny$7ph114390$2czenas
=650  07$afilozofie$7ph114540$2czenas
=650  07$ahistoriografie$7ph114672$2czenas
=650  07$aosobnosti$7ph115615$2czenas
=650  07$apříroda$7ph115994$2czenas
=650  07$astát$7ph126176$2czenas
=650  07$ačeská literatura$7ph116858$2czenas
=650  \7$aCzech literature$2ELB-n
=651  \7$aEvropa$7ge137210$2czenas
=651  \7$aSlovensko$7ge128580$2czenas
=655  \7$astudie$7fd133597$2czenas
=700  1\$aZumr, Josef$d(1928- )$4aui$7jk01152856$1http://viaf.org/viaf/19757809
=910  \\$aABB060
=964  \\$a03.05
=964  \\$a05
=964  \\$aB80
=995  \\$aČeská Literární Bibliografie
=FMT  BK
=OWN  \\$aUCLA
=SIF  \\$ass

