=LDR  02651nam a22005654a 4500
=001  001556817
=003  CZ\PrUCL
=005  20190623172446.0
=008  170104s1992\\\\xr\\\\\\\\\\\\|||\||cze\d
=035  \\$a(ISIS-B80-ID)B9045341
=035  \\$a(ISIS-B80-MFN)92818
=040  \\$aABB060$bcze
=080  \\$a(048.8)$2MRF
=080  \\$a(082)$2MRF
=245  00$aT.G.Masaryk a Slovensko :$b(Soubor statí.) /$cpředmluvu (s. 5) napsal Robert Kvaček.
=260  \\$aPraha :$bGMA 91 pro Masarykovu společnost v Praze,$c1992.
=300  \\$a103 s.
=380  \\$iMajor genre$aSecondary literature$leng
=380  \\$iMajor genre$aLiterature$leng
=381  \\$iMajor genre$aOther$leng
=520  2\$aSborník vznikl na základě přednášek ze stejnojmenného cyklu uspořádaného Masarykovou společností ve spolupráci s Ústavem T. G. Masaryka na jaře 1991 v pražském Domě slovenské kultury; s příspěvky: Opat Jaroslav, T. G. Masaryk a česká společnost (s. 7-21); Tomčík Miloš, Masarykov podiel na aktivizácii slovenskej literatúry 19. a 20. storočia (s. 22-67); Urban Zdeněk, K Masarykovu vztahu ke Slovensku před první světovou válkou (s. 68-89); J. Opat, K problematice čechoslovakismu (s. 90-97); s poznámkami o autorech statí (s. 101-102).
=524  \\$aKVAČEK, Robert: T. G. Masaryk a Slovensko : (Soubor statí. ). Praha : GMA 91 pro Masarykovu společnost v Praze, 1992.
=599  \\$axbibl
=600  17$aMasaryk, Tomáš Garrigue$d(1850-1937)$7jk01080472$2czenas$1http://viaf.org/viaf/56651696
=600  17$aOpat, Jaroslav$d(1924-2015)$7jk01091156$2czenas$1http://viaf.org/viaf/98097520
=600  17$aTomčík, Miloš$d(1922-2009)$7jk01132691$2czenas$1http://viaf.org/viaf/49238587
=600  17$aUrban, Zdeněk$d(1925-1998)$7jk01140835$2czenas$1http://viaf.org/viaf/89825527
=648  \7$a1851-1900$7ch460575$2czenas
=648  \7$a1901-1950$7ch460576$2czenas
=650  07$aliterární komparatistika$7ph137146$2czenas
=650  07$aosobnosti$7ph115615$2czenas
=650  07$aslovenská literatura$7ph125661$2czenas
=650  07$ačeská literatura$7ph116858$2czenas
=650  \7$aSlovak literature$2ELB-n
=650  \7$aCzech literature$2ELB-n
=651  \7$aSlovensko$7ge128580$2czenas
=655  \7$asborníky$7fd163935$2czenas
=655  \7$astudie$7fd133597$2czenas
=700  1\$aKvaček, Robert$d(1932- )$4aui$7jk01071144$1http://viaf.org/viaf/92010163
=910  \\$aABB060
=964  \\$a02.07
=964  \\$a03.04
=964  \\$a03.06
=964  \\$a04.25
=964  \\$a05
=964  \\$aB80
=995  \\$aČeská Literární Bibliografie
=FMT  BK
=OWN  \\$aUCLA
=SIF  \\$ass

