=LDR  03740nam a22007214a 4500
=001  001556818
=003  CZ\PrUCL
=005  20210309185923.0
=008  050311s1993\\\\xr\\\\\\\\\\\\|||\||cze\d
=035  \\$a(ISIS-B80-ID)B9045342
=035  \\$a(ISIS-B80-MFN)92819
=040  \\$aABB060$bcze
=080  \\$a(048.8)$2MRF
=080  \\$a(082)$2MRF
=245  00$aMasarykova idea československé státnosti ve světle kritiky dějin :$bSborník příspěvků z konference konané ve dnech 24. a 25.září 1992 v aule Obchodní akademie v Hodoníně /$cusp. Jaroslav Opat, Josef Tichý.
=260  \\$aPraha :$bÚstav T.G.Masaryka,$c1993.
=300  \\$a184 s.
=380  \\$iMajor genre$aSecondary literature$leng
=380  \\$iMajor genre$aLiterature$leng
=381  \\$iMajor genre$aOther$leng
=520  2\$aMj. s příspěvky: Várossová Elena, Filozofické zdroje Masarykovej československej štátnosti a Ján Kollár (s. 15-23, Kollár Jan); Sojková Zdena, Masaryk a štúrovci (s. 24-34); Rychlík Jan, Teorie a praxe jednotného československého národa a československého jazyka v I. republice (s. 69-77); Tomčík Miloš, Antinómie čechoslovakizmu ako kulturného fenoménu po roku 1918 (s. 78-85); Bednář Miloslav, Odezva Masarykovy ideje československé republiky a krize inteligence (s. 86-88); Kletecka Thomas, Die Rezeption Thomas Garrigue Masaryks in der österreichischen Historiographie (s. 108-116).
=524  \\$aOPAT, Jaroslav - TICHÝ, Josef: Masarykova idea československé státnosti ve světle kritiky dějin : Sborník příspěvků z konference konané ve dnech 24. a 25. září 1992 v aule Obchodní akademie v Hodoníně. Praha : Ústav T. G. Masaryka, 1993.
=599  \\$axbibl
=600  17$aBednář, Miloslav$d(1948- )$7jn99240000062$2czenas$1http://viaf.org/viaf/154838
=600  17$aKletečka, Thomas$7mzk2017937776$2czenas$1http://viaf.org/viaf/17389713
=600  17$aKollár, Ján$d(1793-1852)$7jk01061359$2czenas$1http://viaf.org/viaf/12336405
=600  17$aMasaryk, Tomáš Garrigue$d(1850-1937)$7jk01080472$2czenas$1http://viaf.org/viaf/56651696
=600  17$aRychlík, Jan$d(1954- )$7jn19990216159$2czenas$1http://viaf.org/viaf/79502984
=600  17$aSojková, Zdenka$d(1921-2014)$7jk01120331$2czenas$1http://viaf.org/viaf/14487800
=600  17$aTomčík, Miloš$d(1922-2009)$7jk01132691$2czenas$1http://viaf.org/viaf/49238587
=600  17$aVárossová, Elena$d(1926-2010)$7ola2003162709$2czenas$1http://viaf.org/viaf/306142311
=648  \7$a20. století$7ch460558$2czenas
=650  04$ačesko-německé vztahy
=650  07$afilozofie$7ph114540$2czenas
=650  07$ahistoriografie$7ph114672$2czenas
=650  07$ajazyk$7ph114818$2czenas
=650  07$aliterární komparatistika$7ph137146$2czenas
=650  07$aliterární konference$7ph216759$2czenas
=650  07$aosobnosti$7ph115615$2czenas
=650  07$aslovenská literatura$7ph125661$2czenas
=650  07$astát$7ph126176$2czenas
=650  07$ačeská literatura$7ph116858$2czenas
=650  \7$aSlovak literature$2ELB-n
=650  \7$aCzech literature$2ELB-n
=651  \7$aRakousko$7ge130612$2czenas
=651  \7$aČeskoslovensko$7ge131689$2czenas
=655  \7$asborníky$7fd163935$2czenas
=655  \7$astudie$7fd133597$2czenas
=700  1\$aOpat, Jaroslav$d(1924-2015)$4com$7jk01091156$1http://viaf.org/viaf/98097520
=700  1\$aTichý, Josef$4com$7pna2006337950$1http://viaf.org/viaf/85100978
=910  \\$aABB060
=964  \\$a02.06
=964  \\$a02.07
=964  \\$a02.10.02
=964  \\$a03.05
=964  \\$a04.17.08
=964  \\$a04.25
=964  \\$a05
=964  \\$aB80
=995  \\$aČeská Literární Bibliografie
=FMT  BK
=OWN  \\$aUCLA
=SIF  \\$ass

