=LDR  02805nam a22005654a 4500
=001  001556819
=003  CZ\PrUCL
=005  20180124135347.0
=008  170104s1993\\\\xr\\\\\\\\\\\\|||\||cze\d
=015  \\$acnb000082197
=020  \\$a80-901478-2-8
=035  \\$a(ISIS-B80-ID)B9045343
=035  \\$a(ISIS-B80-MFN)92820
=040  \\$aABB060$bcze
=080  \\$a(048.8)$2MRF
=100  1\$aMasaryk, Tomáš Garrigue$d(1850-1937)$7jk01080472$4aut$1http://viaf.org/viaf/56651696
=245  10$aJuvenilie :$bstudie a stati 1876-1881 /$cTomáš Garrigue Masaryk ; svazek připravil Stanislav Polák.
=260  \\$aPraha :$bÚstav T. G.Masaryka,$c1993.
=300  \\$a172 s.
=380  \\$iMajor genre$aSecondary literature$leng
=490  1\$aSpisy T. G.Masaryka ;$vsv. 16
=520  2\$aSoubor prací z autorova nejranějšího ("vídeňského") období, mj.: Josef Brandejs (s. 25-27, nekrolog: Brandejs Josef, otištěn ve Světozoru 19. 5. 1876, s doplňky a úpravami: Jireček Konstantin); O pokroku, vývoji a osvětě (s. 48-67); Zákony osvěty a budoucnost Slovanstva (s. 69-83, o spisu: Funck-Brentano Th., La civilisation et ses lois, Morale sociale, Paris 1876); Alexander Bain: O vychování jako vědě (s. 105-119, recenze spisu: Bain Alexander); s ediční poznámkou (s. 155-159), s rejstříkem.
=524  \\$aMASARYK, Tomáš Garrigue - POLÁK, Stanislav: Juvenilie : studie a stati 1876-1881. Svazek připravil Stanislav Polák. Praha : Ústav T. G. Masaryka, 1993.
=599  \\$axbibl
=600  17$aBain, Alexander$d(1818-1903)$7jo2002101197$2czenas$1http://viaf.org/viaf/2534495
=600  17$aBrandejs, Josef$d(1853-1876)$7jk01012973$2czenas$1http://viaf.org/viaf/83674225
=600  17$aFunck-Brentano, Théophile$d(1830-1906)$7mub2013761471$2czenas$1http://viaf.org/viaf/29601233
=600  17$aJíreček, Konstantin$d(1854-1918)$7jk01051869$2czenas$1http://viaf.org/viaf/71464501
=648  \7$a1851-1900$7ch460575$2czenas
=650  07$aSlované$7ph118086$2czenas
=650  07$afilozofie$7ph114540$2czenas
=650  07$aliteratura$7ph117222$2czenas
=650  07$aosvěta$7ph123858$2czenas
=650  07$apedagogika$7ph115703$2czenas
=650  07$ačeská literatura$7ph116858$2czenas
=650  \7$aCzech literature$2ELB-n
=655  \7$astudie$7fd133597$2czenas
=700  1\$aPolák, Stanislav$d(1936-2017)$4edt$7jn20000710482$1http://viaf.org/viaf/100966034
=787  08$aBain, Alexander$tO vychování jako vědě$4soubor statí
=787  08$aFunck-Brentano, Théophile$tLa civilisation et ses lois, Morale sociale$4soubor statí
=830  \0$aSpisy T. G.Masaryka
=910  \\$aABB060
=964  \\$a01
=964  \\$a02.06
=964  \\$a03.04
=964  \\$aB80
=995  \\$aČeská Literární Bibliografie
=FMT  BK
=OWN  \\$aUCLA
=SIF  \\$ass

