=LDR  04227nam a22006974a 4500
=001  001556820
=003  CZ\PrUCL
=005  20180124135813.0
=008  170104s1994\\\\xr\\\\\\\\\\\\|||\||cze\d
=035  \\$a(ISIS-B80-ID)B9045344
=035  \\$a(ISIS-B80-MFN)92821
=040  \\$aABB060$bcze
=080  \\$a(046)$2MRF
=080  \\$a(047.53)$2MRF
=080  \\$a(081.1)$2MRF
=100  1\$aMasaryk, Tomáš Garrigue$d(1850-1937)$7jk01080472$4aut$1http://viaf.org/viaf/56651696
=245  10$aCesta demokracie.$nIII.,$pProjevy - články - rozhovory 1924-1928 /$cTomáš Garrigue Masaryk ; svazek připravil a ediční poznámku (s. 401-403) napsal Vojtěch Fejlek.
=260  \\$aPraha :$bÚstav T. G. Masaryka,$c1994.
=300  \\$a420 s.
=380  \\$iMajor genre$aSecondary literature$leng
=380  \\$iMajor genre$aLiterature$leng
=381  \\$iMajor genre$aOther$leng
=490  1\$aSpisy T. G. Masaryka ;$vsv. 35
=520  2\$aSvazek chronologicky navazuje na dva svazky stejnojmenné edice projevů z Masarykova prezidentského období (editor: Škrach V. K., sv. 1 za léta 1918-1920; sv. 2 za léta 1921-1923; vyšlo v nakladatelství Čin v letech 1933 a 1934 jako 3. a 4. svazek Spisů T. G. Masaryka); mj. o: Havlíček Borovský Karel - Havlíčkův pomník v Německém Brodě (s. 70), Prezident Masaryk k 70. výročí smrti Havlíčka (s. 151); Dopis Jozefu Škultétymu k sedmdesátým narozeninám (s. 72, Škultéty Jozef); J. S. Machar odchází (s. 88, dopis T. G. M. adresovaný: Machar Josef Svatopluk u příležitosti jeho odchodu z funkce generálního inspektora čs. armády); Prezident Masaryk v PEN klubu (s. 99-100); Prezident Masaryk o časových otázkách kulturních (s. 189-190, rozhovor pro deník Deutsche Zeitung Bohemia); Švejk a senátor Dyk (s. 282-283, Dyk Viktor); Johanes Amos Comenius (s. 320-321, předmluva k publikaci o: Komenský Jan Amos, Praha, Orbis 1928); - v oddílu Rozhovory (redakčně zpracované jako články) mj. rozhovor T. G. M. s: Mann Heinrich (s. 383-386); Szyjkowski Maryan (s. 387-388); - s rejstříkem, se soupisem některých dubií.
=524  \\$aMASARYK, Tomáš Garrigue - FEJLEK, Vojtěch: Cesta demokracie. III. ,Projevy - články - rozhovory 1924-1928. Svazek připravil a ediční poznámku napsal Vojtěch Fejlek. Praha : Ústav T. G. Masaryka, 1994.
=599  \\$axbibl
=600  17$aComenius, Johann Amos$d(1592-1670)$7jk01061444$2czenas$1http://viaf.org/viaf/29835535
=600  17$aDyk, Viktor$d(1877-1931)$7jk01030247$2czenas$1http://viaf.org/viaf/32074913
=600  17$aHavlíček-Borovský, Karel$d(1821-1856)$7jk01040361$2czenas$1http://viaf.org/viaf/2504978
=600  17$aMachar, Josef Svatopluk$d(1864-1942)$7jk01072996$2czenas$1http://viaf.org/viaf/32029935
=600  17$aMann, Heinrich$d(1871-1950)$7jn19990005362$2czenas$1http://viaf.org/viaf/36957174
=600  17$aSzyjkowski, Marian$d(1883-1952)$7jk01122304$2czenas$1http://viaf.org/viaf/93902650
=600  17$aŠkrach, Vasil Kaprálek$d(1891-1943)$7jk01130369$2czenas$1http://viaf.org/viaf/65984471
=600  17$aŠkultéty, Jozef$d(1853-1948)$7jn20010316266$2czenas$1http://viaf.org/viaf/36938363
=610  27$aPEN-klub (Praha, Česko)$7kn20030605005$2czenas
=648  \7$a1921-1930$7ch460580$2czenas
=650  07$aněmecká literatura$7ph117246$2czenas
=650  07$apolská literatura$7ph115805$2czenas
=650  07$aslovenská literatura$7ph125661$2czenas
=650  07$ačeská literatura$7ph116858$2czenas
=650  \7$aGerman literature$2ELB-n
=650  \7$aPolish literature$2ELB-n
=650  \7$aSlovak literature$2ELB-n
=650  \7$aCzech literature$2ELB-n
=655  \7$arozhovory$7fd133303$2czenas
=655  \7$asebrané spisy$7fd133355$2czenas
=655  \7$ačlánky$7fd133976$2czenas
=700  1\$aFejlek, Vojtěch$d(1923-2012)$4edt$4wam$7jk01030847$1http://viaf.org/viaf/78406372
=710  2\$aÚstav T.G. Masaryka$1http://viaf.org/viaf/312776762
=830  \0$aSpisy T. G. Masaryka
=910  \\$aABB060
=964  \\$a01
=964  \\$a03.08
=964  \\$a04.17
=964  \\$a04.19
=964  \\$a04.25
=964  \\$aB80
=995  \\$aČeská Literární Bibliografie
=FMT  BK
=OWN  \\$aUCLA
=SIF  \\$ass

