=LDR  03316nam a22005174a 4500
=001  001556821
=003  CZ\PrUCL
=005  20201211142628.0
=008  170104s1994\\\\xr\\\\\\\\\\\\|||\||cze\d
=035  \\$a(ISIS-B80-ID)B9045345
=035  \\$a(ISIS-B80-MFN)92822
=040  \\$aABB060$bcze
=080  \\$a(082)$2MRF
=245  00$aListopad '94 /$credakčně připravil Pavel Studnička.
=260  \\$aPardubice :$b[s. n.],$c1994.
=300  \\$a74 s.
=380  \\$iMajor genre$aLiterature$leng
=381  \\$iMajor genre$aOther$leng
=500  \\$aB. n. Pracovní verze. Vydáno v omezeném nákladu.
=520  2\$aGenerační sborník úvah, statí, prózy a veršů absolventů FFUK v Praze, mj. s příspěvky: Místo předmluvy (s. 4-9, na anketní otázky P. Studničky - Má "vydávání" sborníku Listopad smysl a oprávnění v čase brutálního pragmatismu?, Co dává každoroční účast tobě? - odpovídají: Novotný Vladimír, Daubner Juraj, Mazanec Petr, Černíková Jitka, Studnička Pavel); Novotný Vladimír, Jak jsme (po pěti letech), s. 10-13; Poslední Petr, Dvojí skepse (s. 19-24, o knihách: Hvížďala Karel, Raroh, Praha, Ivo Železný 1992; Skarlant Petr, Věk nevinnosti, Praha, Akropolis 1994); Studnička P., Pět, deset a padesát let poté (s. 45-49), Dvě století po Velké francouzské revoluci (Několik deníkových záznamů), s. 50-55; poznámka V. Novotného (s. 61) k otištěným básním z pozůstalosti jeho otce: Novotný Oldřich (s. 56-61); s přetištěným recenzním ohlasem na sborník Listopad '93 (s. 62-65); s přehledem dosud vydaných sborníků (s. 66); s přehledem autorů a jejich příspěvků v pěti ročnících sborníku Listopad '90-'94 (s. 67-68); s poznámkami o autorech příspěvků (s. 69-72); s přehledem publikovaných ohlasů na sborníky Listopad '90 - '93 (s. 73).
=524  \\$aSTUDNIČKA, Pavel: Listopad '94. Pardubice : [s. n. ], 1994.
=599  \\$axbibl
=600  14$aNovotný, Oldřich
=600  17$aDaubner, Juraj$7jx20060623011$2czenas$1http://viaf.org/viaf/49644580
=600  17$aHvížďala, Karel$d(1941- )$7jk01043370$2czenas$1http://viaf.org/viaf/112277239
=600  17$aMazanec, Petr$d(1945- )$7js20060804022$2czenas$1http://viaf.org/viaf/84252640
=600  17$aNovotný, Vladimír$d(1946- )$7jk01090794$2czenas$1http://viaf.org/viaf/71551516
=600  17$aPoslední, Petr$d(1945- )$7jn99240000899$2czenas$1http://viaf.org/viaf/63668144
=600  17$aSkarlant, Petr$d(1939-2019)$7jk01111510$2czenas$1http://viaf.org/viaf/59495291
=600  17$aStudnička, Pavel$d(1946-2015)$7jn99240001142$2czenas$1http://viaf.org/viaf/84107741
=600  17$aČerníková, Jitka$d(1945- )$7jn20001227028$2czenas$1http://viaf.org/viaf/84060568
=648  \7$a1991-2000$7ch460587$2czenas
=650  07$ačeská literatura$7ph116858$2czenas
=650  \7$aCzech literature$2ELB-n
=655  \7$asborníky$7fd163935$2czenas
=700  1\$aStudnička, Pavel$d(1946-2015)$4red$7jn99240001142$1http://viaf.org/viaf/84107741
=787  08$aHvížďala, Karel$tRaroh$4memoáry
=787  08$aSkarlant, Petr$tVěk nevinnosti$4román
=787  08$tListopad$4sborník
=910  \\$aABB060
=964  \\$a03.15
=964  \\$aB80
=995  \\$aČeská Literární Bibliografie
=FMT  BK
=OWN  \\$aUCLA
=SIF  \\$ass

