=LDR  04569nam a22007694a 4500
=001  001556822
=003  CZ\PrUCL
=005  20210305142429.0
=008  170104s1996\\\\xr\\\\\\\\\\\\|||\||cze\d
=035  \\$a(ISIS-B80-ID)B9045346
=035  \\$a(ISIS-B80-MFN)92823
=040  \\$aABB060$bcze
=044  \\$axr$axo
=080  \\$a(083.82)$2MRF
=245  00$aZ jednoho těsta. - Z jedného cesta :$b(Pocta skupině surrealistů v ČSR.) Tematická výstava Skupiny českých a slovenských surrealistů a Surrealistické skupiny A.I.V.
=260  \\$aCheb ;$aNitra ;$aPraha :$bStátní galerie výtvarného umění Cheb :$bNitrianská štátna galéria v Nitre :$bSpolek výtvarných umělců Mánes :$bSdružení Analogonu,$c1996.
=300  \\$anestránkováno.
=380  \\$iMajor genre$aLiterature$leng
=381  \\$iMajor genre$aOther$leng
=500  \\$aB. m. n. r.
=520  2\$aSkupina českých a slovenských surrealistů, Surrealistická skupina A. I. V.; katalog jejich tematické výstavy uspořádané k poctě: Skupina surrealistů v ČSR; mj. s texty: Dryje František, Stejskal Martin, Švankmajer Jan, Effenberger Vratislav, Nezval Vítězslav, Švankmajerová Eva, Šváb Ludvík, Solařík Bruno, Marenčin Albert, Janda Josef, Gabriel Jan, Purš Ivo, Telerovský Roman, Teige Karel, Heisler Jindřich, Vykoukal Jiří - vztahující se zejména k: Štyrský Jindřich a Toyen.
=524  \\$aZ jednoho těsta. - Z jedného cesta : (Pocta skupině surrealistů v ČSR. ) Tematická výstava Skupiny českých a slovenských surrealistů a Surrealistické skupiny A. I. V. Cheb ; Nitra ; Praha : Státní galerie výtvarného umění Cheb : Nitrianská štátna galéria v Nitre : Spolek výtvarných umělců Mánes : Sdružení Analogonu, 1996.
=599  \\$axbibl
=600  07$aToyen$d(1902-1980)$7jk01132839$2czenas$1http://viaf.org/viaf/112174326
=600  14$aGabriel, Jan
=600  14$aVykoukal, Jiří
=600  17$aDryje, František$d(1951- )$7jn19990218019$2czenas$1http://viaf.org/viaf/19270106
=600  17$aEffenberger, Vratislav$d(1923-1986)$7jk01030310$2czenas$1http://viaf.org/viaf/15186733
=600  17$aHeisler, Jindřich$d(1914-1953)$7jk01040527$2czenas$1http://viaf.org/viaf/61540042
=600  17$aJanda, Josef$d(1950- )$7jn19990009862$2czenas$1http://viaf.org/viaf/7126254
=600  17$aMarenčin, Albert$d(1922-2019)$7ola2002151943$2czenas$1http://viaf.org/viaf/34612669
=600  17$aNezval, Vítězslav$d(1900-1958)$7jk01090162$2czenas$1http://viaf.org/viaf/7402030
=600  17$aPurš, Ivo$d(1964- )$7jn20010601044$2czenas$1http://viaf.org/viaf/303395433
=600  17$aSolařík, Bruno$d(1968- )$7jn19990209782$2czenas$1http://viaf.org/viaf/14555987
=600  17$aStejskal, Martin$d(1944- )$7jn99240001125$2czenas$1http://viaf.org/viaf/302361602
=600  17$aTeige, Karel$d(1900-1951)$7jk01132144$2czenas$1http://viaf.org/viaf/71440231
=600  17$aTelerovský, Roman$d(1972- )$7mzk2002160940$2czenas$1http://viaf.org/viaf/84535398
=600  17$aŠtyrský, Jindřich$d(1899-1942)$7jk01131599$2czenas$1http://viaf.org/viaf/27079482
=600  17$aŠvankmajer, Jan$d(1934- )$7jk01131834$2czenas$1http://viaf.org/viaf/115219363
=600  17$aŠvankmajerová, Eva$d(1940-2005)$7jn20000402928$2czenas$1http://viaf.org/viaf/55013093
=600  17$aŠváb, Ludvík$d(1924-1997)$7jk01131773$2czenas$1http://viaf.org/viaf/50300001
=610  27$aSkupina surrealistů v ČSR$7xx0159603$2czenas
=610  27$aSkupina českých a slovenských surrealistů$7kn20050531002$2czenas
=610  27$aSurrealistická skupina v Československu$7ko2012737207$2czenas
=650  07$aliteratura a umění$7ph115156$2czenas
=650  07$aslovenská poezie$7ph125662$2czenas
=650  07$asurrealismus (literatura)$7ph126285$2czenas
=650  07$asurrealismus (umění)$7ph126286$2czenas
=650  07$avýtvarné umění$7ph116708$2czenas
=650  07$ačeská poezie$7ph150471$2czenas
=650  \7$aSlovak literature$2ELB-n
=650  \7$aPoetry$2ELB-g
=650  \7$aCzech literature$2ELB-n
=655  \7$akatalogy$7fd132535$2czenas
=710  2\$aStátní galerie výtvarného umění (Cheb)$1http://viaf.org/viaf/122473053
=710  2\$aSpolek výtvarných umělců Mánes$1http://viaf.org/viaf/138201679
=710  2\$aSdružení Analogonu$1http://viaf.org/viaf/151165825
=910  \\$aABB060
=964  \\$a02.06
=964  \\$a02.12.03
=964  \\$a03.05
=964  \\$a04.25
=964  \\$aB80
=995  \\$aČeská Literární Bibliografie
=FMT  BK
=OWN  \\$aUCLA
=SIF  \\$ass

