=LDR  03959nam a22005654a 4500
=001  001556823
=003  CZ\PrUCL
=005  20181017235218.0
=008  161221s1995\\\\xr\\\\\\\\\\\\|||\||cze\d
=035  \\$a(ISIS-B80-ID)B9045347
=035  \\$a(ISIS-B80-MFN)92824
=040  \\$aABB060$bcze
=080  \\$a(048.8)$2MRF
=100  1\$aVašica, Josef$d(1884-1968)$7jk01141678$1http://viaf.org/viaf/2624405
=245  10$aČeské literární baroko :$bpříspěvky k jeho studiu /$cJosef Vašica ; jmenný rejstřík sestavil Vladimír Bálek.
=250  \\$a2. vyd.
=260  \\$aBrno :$bAtlantis,$c1995.
=300  \\$aVII, 352 s.
=380  \\$iMajor genre$aSecondary literature$leng
=500  \\$aReprint 1. vyd. (Praha, Vyšehrad 1938).
=520  2\$aSoubor statí z let 1930-1938, vzniklých většinou z přípravných studií k jednotlivým edicím barokních slovesných památek; s úvodním slovem autora a s oddíly: Poesie (s. 1-109): Záblesky z Temna; O české barokní poesii; Kořínkovy básně (o: Kořínek Jan); Bedřich Bridel (o: Bridel Bedřich, s částmi Život, Dílo); Bridel jako epik; Bridel a Kadlinský (o B. B. a: Kadlinský Felix); Legenda svatoivanská (s částmi Svatý Ivan u Bridela, Svatý Ivan v české historiografii, Svatý Ivan ve skutečnosti); Sporckovské sbírky českých veršů (o: Sporck František Antonín); Písně o posledních věcech člověka. - Asketika (s. 111-174): Věčný pekelný žalář. Kanisiovy katechismy (o: Kanisius Petr); Překlady z Jeremiáše Drexela (o: Drexel Jeremiáš); Počátky mariánských družin; Modlicí knížky. - Homiletika (s. 175-264); Jesuité pobělohorští a český jazyk; K novým přetiskům z Bilovského (o: Bilovský Bohumír Hynek); Literární stránka kázání; Čtyři kazatelé (Krum František Matouš, Waldt Ondřej František Jakub de, Dvořák z Boru Antonín Jarolím, Laštovka Tomáš Xaverius); s poznámkami (s. 265-337); s bibliografií autorových edicí barokních tisků (s. 349-350, 15 položek).
=524  \\$aVAŠICA, Josef - BÁLEK, Vladimír: České literární baroko : příspěvky k jeho studiu. Jmenný rejstřík sestavil Vladimír Bálek. Brno : Atlantis, 1995.
=599  \\$axbibl
=600  07$aCanisius, Petrus$csvatý,$d(1521-1597)$7jn19992000121$2czenas$1http://viaf.org/viaf/59109589
=600  17$aBilovský, Bohumír Hynek Josef$d(1659-1725)$7jk01012089$2czenas$1http://viaf.org/viaf/62997134
=600  17$aBridel, Bedřich$d(1619-1680)$7jk01013116$2czenas$1http://viaf.org/viaf/73052169
=600  17$aDrexel, Jeremías$d(1581-1638)$7js20011212134$2czenas$1http://viaf.org/viaf/4921018
=600  17$aDvořák z Boru, Antonín Jeroným$d(1711-1747)$7jk01030214$2czenas$1http://viaf.org/viaf/66095379
=600  17$aKadlinský, Felix$d(1613-1675)$7jk01052480$2czenas$1http://viaf.org/viaf/19804552
=600  17$aKořínek, Jan$d(1626-1680)$7jk01061887$2czenas$1http://viaf.org/viaf/100369356
=600  17$aKrum, František Matouš$d(1685-1733)$7jk01063544$2czenas$1http://viaf.org/viaf/83793441
=600  17$aLaštovka, Tomáš Xaverius,asi 1746$d(1688- )$7jk01071620$2czenas$1http://viaf.org/viaf/83805291
=600  17$aSporck, Franz Anton von$chrabě,$d(1662-1738)$7jn20000728653$2czenas$1http://viaf.org/viaf/57407689
=600  17$aWaldt, Ondřej František Jakub de$d(1683-1752)$7jk01151382$2czenas$1http://viaf.org/viaf/18374744
=650  04$aliterární bibliografie a různé soupisy$xOPRAVA UCL
=650  04$astarší česká literatura
=650  07$abaroko$7ph118766$2czenas
=650  07$ahomiletika$7ph120791$2czenas
=650  07$ajezuité$7ph121349$2czenas
=650  07$amodlitební knihy$7ph122945$2czenas
=655  \7$astudie$7fd133597$2czenas
=700  1\$aBálek, Vladimír$4com$xOPRAVA UCL
=910  \\$aABB060
=964  \\$a02.12.01
=964  \\$a03.02
=964  \\$aB80
=995  \\$aČeská Literární Bibliografie
=FMT  BK
=OWN  \\$aUCLA
=SIF  \\$ass

