=LDR  01890nam a22004574a 4500
=001  001556824
=003  CZ\PrUCL
=005  20210105100737.0
=008  170104s1995\\\\xr\\\\\\\\\\\\|||\||cze\d
=035  \\$a(ISIS-B80-ID)B9045348
=035  \\$a(ISIS-B80-MFN)92825
=040  \\$aABB060$bcze
=080  \\$a(0:82-94)$2MRF
=100  1\$aGregorová-Prášilová, Hana$4aut
=245  10$aGregorovský dům :$bPřemýšlení nad tím, co bylo, i o tom, co je /$cHana Gregorová-Prášilová.
=260  \\$aPraha :$bX-Egem :$bKlub slovenskej kultúry,$c1995.
=300  \\$a215 s.
=380  \\$iMajor genre$aLiterature$leng
=381  \\$iMajor genre$aOther$leng
=520  2\$aKniha vzpomínek na rodiče (matka: Gregorová Hana), na kulturní a literární život za první republiky v Čechách i na Slovensku a na vzájemné česko-slovenské kulturní styky; otec vl. jm. Gregor Jozef (uváděn též jako Gregor-Tajovský Jozef).
=524  \\$aGREGOROVÁ-PRÁŠILOVÁ, Hana: Gregorovský dům : Přemýšlení nad tím, co bylo, i o tom, co je. Praha : X-Egem : Klub slovenskej kultúry, 1995.
=545  0\$aTajovský, Jozef Gregor, vl.jm. Jozef Gregor
=599  \\$axbibl
=600  17$aGregorová, Hana$d(1885-1958)$7jn20000602418$2czenas$1http://viaf.org/viaf/29659578
=600  17$aTajovský, Jozef Gregor$d(1874-1940)$7jn19990002864$2czenas$1http://viaf.org/viaf/34587416
=648  \7$a1901-1950$7ch460576$2czenas
=650  07$aosobnosti$7ph115615$2czenas
=650  07$aslovenská literatura$7ph125661$2czenas
=650  07$ačeská literatura$7ph116858$2czenas
=650  \7$aSlovak literature$2ELB-n
=650  \7$aCzech literature$2ELB-n
=655  \7$apaměti$7fd132997$2czenas
=910  \\$aABB060
=964  \\$a03.06
=964  \\$a04.25
=964  \\$a05
=964  \\$aB80
=995  \\$aČeská Literární Bibliografie
=FMT  BK
=OWN  \\$aUCLA
=SIF  \\$ass

