=LDR  02422nam a22005774a 4500
=001  001556825
=003  CZ\PrUCL
=005  20170619135202.0
=008  010718s1995\\\\xr\\\\\\\\\\\\|||\||cze\d
=035  \\$a(ISIS-B80-ID)B9045349
=035  \\$a(ISIS-B80-MFN)92826
=040  \\$aABB060$bcze
=041  1\$acze$hfre
=080  \\$a(0:82-4)$2MRF
=100  1\$aCamus, Albert$d(1913-1960)$7jn19990001315$4aut$1http://viaf.org/viaf/97000332
=245  10$aMýtus o Sisyfovi /$cAlbert Camus ; z francouzského originálu Le mythe de Sisyphe (Paris, Gallimard 1992) přeložila Dagmar Steinová.
=260  \\$aPraha :$bNakladatelství Svoboda,$c1995.
=300  \\$a188 s.
=380  \\$iMajor genre$aLiterature$leng
=381  \\$iMajor genre$aOther$leng
=520  2\$aSoubor esejů, mj. s oddílem Absurdní tvorba: Filozofie a román (s. 129-141); Kirilov (s. 142-151, o: Dostojevskij Fedor Michajlovič); Tvorba bez zítřka (s. 152-158); s dodatkem Naděje a absurdno v díle Franze Kafky (s. 167-186, o: Kafka Franz).
=524  \\$aCAMUS, Albert - STEINOVÁ, Dagmar: Mýtus o Sisyfovi. Z francouzského originálu Le mythe de Sisyphe (Paris, Gallimard 1992) přeložila Dagmar Steinová. Praha : Nakladatelství Svoboda, 1995.
=599  \\$axbibl
=600  17$aDostoyevsky, Fyodor$d(1821-1881)$7jn19990210182$2czenas$1http://viaf.org/viaf/104023256
=600  17$aKafka, Franz$d(1883-1924)$7jn19990218037$2czenas$1http://viaf.org/viaf/56611857
=650  04$afrancouzská literární teorie$xOPRAVA UCL
=650  07$aabsurdita$7ph303252$2czenas
=650  07$afilozofie$7ph114540$2czenas
=650  07$aliteratura$7ph117222$2czenas
=650  07$aněmecká próza$7ph123499$2czenas
=650  07$aromán$7ph116056$2czenas
=650  07$aruská próza$7ph125334$2czenas
=650  07$ačeská literatura$7ph116858$2czenas
=650  \7$aGerman literature$2ELB-n
=650  \7$aRussian literature$2ELB-n
=650  \7$aCzech literature$2ELB-n
=655  \7$aeseje$7fd132213$2czenas
=700  1\$aSteinová, Dagmar$d(1922- )$4trl$7jk01121095$1http://viaf.org/viaf/65203732
=710  2\$aNakladatelství Svoboda$1http://viaf.org/viaf/150119541
=910  \\$aABB060
=964  \\$a01
=964  \\$a02.06
=964  \\$a03.07
=964  \\$a04.07.04
=964  \\$a04.17.02
=964  \\$a04.23.02
=964  \\$aB80
=995  \\$aČeská Literární Bibliografie
=FMT  BK
=OWN  \\$aUCLA
=SIF  \\$ass

