=LDR  01933nam a22004454a 4500
=001  001557438
=003  CZ\PrUCL
=005  20170407143403.0
=008  170104s1995\\\\xr\\\\\\\\\\\\|||\||cze\d
=035  \\$a(ISIS-B80-ID)B9045801
=035  \\$a(ISIS-B80-MFN)93439
=040  \\$aABB060$bcze
=080  \\$a(048.8)$2MRF
=100  1\$aUrbančič, Boris$d(1913-1998)$7jn20000605393$4aut$1http://viaf.org/viaf/18760500
=245  10$aČesko-slovinské kulturní styky /$cBoris Urbančič ; ze slovinštiny přeložila Helena Poláková ; rejstřík sestavila Marta Anghera.
=260  \\$aPraha :$bEuroslavica,$c1995.
=300  \\$a92 s.
=380  \\$iMajor genre$aSecondary literature$leng
=520  2\$aDoplněný a autorizovaný překlad knihy prof. B. U. Slovensko-češki kulturni stiki (Ljubljana 1993), s oddíly: Staletí občasných styků, Obbdobí národního obrození, Rozmach všestranných kulturních styků, Pokračování tradice za částečné podpory státu; se soupisem literatury (s. 75-81).
=524  \\$aURBANČIČ, Boris - POLÁKOVÁ, Helena - ANGHERA, Marta et al.: Česko-slovinské kulturní styky. Rejstřík sestavila Marta Anghera. Praha : Euroslavica, 1995.
=599  \\$axbibl
=650  07$adějiny české literatury$7ph483973$2czenas
=650  07$aliterární komparatistika$7ph137146$2czenas
=650  07$aslovinská literatura$7ph125686$2czenas
=650  \7$aCzech literature$2ELB-n
=650  \7$aSlovenian literature$2ELB-n
=655  \7$astudie$7fd133597$2czenas
=700  1\$aAnghera, Marta$4com$xOPRAVA UCL
=700  1\$aPoláková, Helena$4trl$xOPRAVA UCL
=710  2\$aEuroslavica$1http://viaf.org/viaf/184151351998252600367
=787  08$tSlovensko-češki kulturni stiki$4monografie
=910  \\$aABB060
=964  \\$a02.07
=964  \\$a03.01
=964  \\$a04.26
=964  \\$aB80
=995  \\$aČeská Literární Bibliografie
=FMT  BK
=OWN  \\$aUCLA
=SIF  \\$ass

