=LDR  02302nam a22004574a 4500
=001  001557439
=003  CZ\PrUCL
=005  20180720184213.0
=008  170104s1995\\\\xr\\\\\\\\\\\\|||\||cze\d
=035  \\$a(ISIS-B80-ID)B9045802
=035  \\$a(ISIS-B80-MFN)93440
=040  \\$aABB060$bcze
=080  \\$a(048.8)$2MRF
=100  1\$aVaňhara, Josef$d(1907-1997)$7jn19990216181$1http://viaf.org/viaf/84002073
=245  10$aPříběh jednoho muže a jednoho města /$cJosef Vaňhara.
=260  \\$aZlín :$bJosef Vaňhara v součinnosti s Odborem školství a kultury Úřadu města Zlína a České pojišťovny,$c1995.
=300  \\$a352 s.
=380  \\$iMajor genre$aSecondary literature$leng
=500  \\$aB. r.
=520  2\$aKniha o Zlíně a Tomáši Baťovi, mj. s kapitolami o Hugovi Vavrečkovi (s. 175-177); Eduard Bass (O Eduardu Bassovi a dalších lidech kolem, s. 243-252); Jan Drda (Jan Drda, čili od lokálkáře k literární slávě, s. 252-253); Zlínský tisk v době první republiky (s. 275-290); O jedné historii s rukopisy (s. 302-308, o sbírce autografů hraběte Des-Fours Walderode, mj. o autografu Jana Husa).
=524  \\$aVAŇHARA, Josef: Příběh jednoho muže a jednoho města. Zlín : Josef Vaňhara v součinnosti s Odborem školství a kultury Úřadu města Zlína a České pojišťovny, 1995.
=599  \\$axbibl
=600  17$aBass, Eduard$d(1888-1946)$7jk01011066$2czenas$1http://viaf.org/viaf/41966931
=600  17$aDesfours-Walderode, Mikuláš Vladimír$d(1877-1941)$7xx0120101$2czenas$1http://viaf.org/viaf/121562721
=600  17$aDrda, Jan$d(1915-1970)$7jk01023037$2czenas$1http://viaf.org/viaf/163185334
=600  17$aHus, Jan$d(1369?-1415)$7jk01043287$2czenas$1http://viaf.org/viaf/165278112
=600  17$aVavrečka, Hugo$d(1880-1952)$7jk01141773$2czenas$1http://viaf.org/viaf/71466233
=648  \4$a1901-2000$xOPRAVA UCL
=650  04$aliterární časopisy a sborníky$xOPRAVA UCL
=650  07$ačeská literatura$7ph116858$2czenas
=650  \7$aCzech literature$2ELB-n
=651  \7$aZlín (Česko)$7ge128609$2czenas
=655  \7$amonografie$7fd132842$2czenas
=910  \\$aABB060
=964  \\$a02.11
=964  \\$a03.05
=964  \\$aB80
=995  \\$aČeská Literární Bibliografie
=FMT  BK
=OWN  \\$aUCLA
=SIF  \\$ass

