=LDR  01225nam a22003614a 4500
=001  001557440
=003  CZ\PrUCL
=005  20210309113909.0
=008  170104s1995\\\\xr\\\\\\\\\\\\|||\||cze\d
=035  \\$a(ISIS-B80-ID)B9045803
=035  \\$a(ISIS-B80-MFN)93441
=040  \\$aABB060$bcze
=080  \\$a(035)$2MRF
=100  1\$aŠtemberková, Marie$d(1949- )$7jk01131238$4aut$1http://viaf.org/viaf/27912292
=245  10$aUniversitas Carolina Pragensis /$cMarie Štemberková.
=260  \\$aPraha :$bUniverzita Karlova, vydavatelství Karolinum,$c1995.
=300  \\$a143 s.
=380  \\$iMajor genre$aSecondary literature$leng
=520  2\$aUniverzita Karlova; informativní publikace o dějinách i současnosti UK.
=524  \\$aŠTEMBERKOVÁ, Marie: Universitas Carolina Pragensis. Praha : Univerzita Karlova, vydavatelství Karolinum, 1995.
=599  \\$axbibl
=610  27$aUniverzita Karlova$7kn20010710036$2czenas
=650  07$adějiny$7ph114390$2czenas
=650  07$auniverzity$7ph126937$2czenas
=655  \7$apříručky$7fd133209$2czenas
=910  \\$aABB060
=964  \\$a01
=964  \\$a02.06
=964  \\$aB80
=995  \\$aČeská Literární Bibliografie
=FMT  BK
=OWN  \\$aUCLA
=SIF  \\$ass

