=LDR  01612nam a22004214a 4500
=001  001557441
=003  CZ\PrUCL
=005  20210316233243.0
=008  170104s1995\\\\xr\\\\\\\\\\\\|||\||cze\d
=015  \\$acnb000300549
=020  \\$a80-85819-45-7
=035  \\$a(ISIS-B80-ID)B9045804
=035  \\$a(ISIS-B80-MFN)93442
=040  \\$aABB060$bcze
=080  \\$a(035)$2MRF
=245  00$aBiografický slovník Slezska a severní Moravy.$nSešit 4 /$cvědecký redaktor Milan Myška ; redakce Lumír Dokoupil.
=260  \\$aOpava :$bOptys ;$aOstrava :$bOstravská univerzita,$c1995.
=300  \\$a150 s.
=380  \\$iMajor genre$aSecondary literature$leng
=520  2\$aSlovník obsahuje též hesla osobností z oblasti literatury a literární vědy.
=524  \\$aMYŠKA, Milan - DOKOUPIL, Lumír: Biografický slovník Slezska a severní Moravy. Sešit 4. Redakce Lumír Dokoupil. Opava : Optys ; Ostrava : Ostravská univerzita, 1995.
=599  \\$axbibl
=650  04$aučebnice, slovníky a příručky$xOPRAVA UCL
=650  07$adějiny české literatury$7ph483973$2czenas
=650  \7$aCzech literature$2ELB-n
=651  \4$aseverní Morava$xOPRAVA UCL
=651  \7$aSlezsko$7ge130850$2czenas
=655  \7$apříručky$7fd133209$2czenas
=700  1\$aDokoupil, Lumír$d(1935- )$4red$7jk01022538$1http://viaf.org/viaf/12337724
=700  1\$aMyška, Milan$d(1933-2016)$4red$7jk01082614$1http://viaf.org/viaf/262590252
=910  \\$aABB060
=964  \\$a02.12.04
=964  \\$a03.01
=964  \\$aB80
=995  \\$aČeská Literární Bibliografie
=FMT  BK
=OWN  \\$aUCLA
=SIF  \\$ass

