=LDR  02184nam a22004574a 4500
=001  001557442
=003  CZ\PrUCL
=005  20210309113838.0
=008  170104s1995\\\\xr\\\\\\\\\\\\|||\||cze\d
=035  \\$a(ISIS-B80-ID)B9045805
=035  \\$a(ISIS-B80-MFN)93443
=040  \\$aABB060$bcze
=080  \\$a(082)$2MRF
=080  \\$a(0:82-6)$2MRF
=245  00$aPadesát let lesnického školství v Trutnově 1945-1995 :$bJubilejní almanach k 140.výročí středního lesnického školství v severovýchodních Čechách (1855-1995) /$credigoval Jiří Uhlíř.
=260  \\$aTrutnov :$bStřední lesnická škola,$c1995.
=300  \\$a293 s.
=380  \\$iMajor genre$aLiterature$leng
=381  \\$iMajor genre$aOther$leng
=520  2\$aMj. s příspěvkem: Uhlíř Jiří, Jaroslav Seifert a lesnická škola v Trutnově (1963-1966), s. 128-134 (komentáře k otištěné korespondenci J. U. a žáků trutnovské školy s: Seifert Jaroslav, mj. Seifertovy poznámky ke sbírkám: Vějíř Boženy Němcové, Píseň o Viktorce.
=524  \\$aUHLÍŘ, Jiří: Padesát let lesnického školství v Trutnově 1945-1995 : Jubilejní almanach k 140. výročí středního lesnického školství v severovýchodních Čechách (1855-1995). Trutnov : Střední lesnická škola, 1995.
=599  \\$axbibl
=600  17$aSeifert, Jaroslav$d(1901-1986)$7jk01110657$2czenas$1http://viaf.org/viaf/12317734
=600  17$aUhlíř, Jiří$d(1937- )$7jk01140651$2czenas$1http://viaf.org/viaf/83944487
=650  04$alesnické školy
=650  07$ačeská poezie$7ph150471$2czenas
=650  07$ačeští básníci$7ph128168$2czenas
=650  \7$aCzech literature$2ELB-n
=650  \7$aPoetry$2ELB-g
=655  \7$akorespondence$7fd132681$2czenas
=655  \7$asborníky$7fd163935$2czenas
=700  1\$aUhlíř, Jiří$d(1937- )$4red$7jk01140651$1http://viaf.org/viaf/83944487
=787  08$aSeifert, Jaroslav$tPíseň o Viktorce$4básnická skladba
=787  08$aSeifert, Jaroslav$tVějíř Boženy Němcové$4sbírka básní
=910  \\$aABB060
=964  \\$a02.06
=964  \\$aB80
=995  \\$aČeská Literární Bibliografie
=FMT  BK
=OWN  \\$aUCLA
=SIF  \\$ass

