=LDR  02011nam a22004334a 4500
=001  001557443
=003  CZ\PrUCL
=005  20201207164049.0
=008  170104s1995\\\\xr\\\\\\\\\\\\|||\||cze\d
=035  \\$a(ISIS-B80-ID)B9045806
=035  \\$a(ISIS-B80-MFN)93444
=040  \\$aABB060$bcze
=080  \\$a(01)$2MRF
=245  00$aJan Hostivít Pospíšil :$bPersonální bibliografie /$czpracovala Jarmila Benýšková.
=260  \\$aHradec Králové :$bOkresní knihovna,$c1995.
=300  \\$a16 s.
=380  \\$iMajor genre$aSecondary literature$leng
=500  \\$aVydáno u příležitosti 210. výročí narození J. H. P.
=520  2\$aPospíšil Jan František (30. 5. 1785-8. 10. 1868); soupis o 82 položkách, s oddíly: Chronologie života a díla, Soupis literatury (Monografie, Slovníková hesla, Studie a příspěvky ve sbornících, novinách a časopisech, Krásná literatura, vzpomínky, Soupisy tisků, nakladatelské a knihkupecké katalogy); s autorským rejstříkem.
=524  \\$aBENÝŠKOVÁ, Jarmila: Jan Hostivít Pospíšil : Personální bibliografie. Hradec Králové : Okresní knihovna, 1995.
=545  0\$aPospíšil, Jan Hostivít, pův.jm. Jan František Pospíšil
=599  \\$axbibl
=600  17$aPospíšil, Jan Hostivít,‏$d(1785-1868)$7jk01100679$2czenas$1http://viaf.org/viaf/83868522
=600  17$aPospíšil, Jan Hostivít,‏$d(1785-1868)$7jk01100679$2czenas$1http://viaf.org/viaf/83868522
=650  04$aliterární bibliografie a různé soupisy$xOPRAVA UCL
=650  04$anakladatelské otázky$xOPRAVA UCL
=650  07$aosobnosti$7ph115615$2czenas
=651  \7$aHradec Králové (Česko)$7ge129332$2czenas
=655  \7$abibliografie$7fd131898$2czenas
=700  1\$aBenýšková, Jarmila$d(1950- )$4edt$7jx20040720048$1http://viaf.org/viaf/20984724
=910  \\$aABB060
=964  \\$a02.09.01
=964  \\$a02.12.01
=964  \\$a05
=964  \\$aB80
=995  \\$aČeská Literární Bibliografie
=FMT  BK
=OWN  \\$aUCLA
=SIF  \\$ass

