=LDR  01625nam a22003974a 4500
=001  001557444
=003  CZ\PrUCL
=005  20210305141815.0
=008  170104s1995\\\\xr\\\\\\\\\\\\|||\||cze\d
=035  \\$a(ISIS-B80-ID)B9045807
=035  \\$a(ISIS-B80-MFN)93445
=040  \\$aABB060$bcze
=080  \\$a(035)$2MRF
=245  00$aČeská filozofie ve 20.století :$bSv.2. Biograficko-bibliografický slovník /$credakce Jiří Gabriel, Josef Krob, Helena Pavlincová, Jan Zouhar.
=260  \\$aBrno :$bVydavatelství Masarykovy univerzity,$c1995.
=300  \\$a187 s.
=380  \\$iMajor genre$aSecondary literature$leng
=524  \\$aGABRIEL, Jiří - KROB, Josef - PAVLINCOVÁ, Helena et al.: Česká filozofie ve 20. století : Sv. 2. Biograficko-bibliografický slovník. Brno : Vydavatelství Masarykovy univerzity, 1995.
=599  \\$axbibl
=648  \7$a20. století$7ch460558$2czenas
=650  07$afilozofické myšlení$7ph137813$2czenas
=650  07$afilozofie$7ph114540$2czenas
=650  07$afilozofové$7ph117191$2czenas
=655  \7$apříručky$7fd133209$2czenas
=700  1\$aGabriel, Jiří$d(1930-2020)$4red$7jk01032230$1http://viaf.org/viaf/22161635
=700  1\$aKrob, Josef$d(1956- )$4red$7jn99240000535$1http://viaf.org/viaf/41995818
=700  1\$aPavlincová, Helena$d(1948- )$4red$7jn20000620268$1http://viaf.org/viaf/33708950
=700  1\$aZouhar, Jan$d(1949- )$4red$7mzk2002103015$1http://viaf.org/viaf/22297126
=910  \\$aABB060
=964  \\$a02.06
=964  \\$a02.12.04
=964  \\$aB80
=995  \\$aČeská Literární Bibliografie
=FMT  BK
=OWN  \\$aUCLA
=SIF  \\$ass

