=LDR  02390nam a22004694a 4500
=001  001557445
=003  CZ\PrUCL
=005  20210305141153.0
=008  170104s1995\\\\xr\\\\\\\\\\\\|||\||cze\d
=035  \\$a(ISIS-B80-ID)B9045808
=035  \\$a(ISIS-B80-MFN)93446
=040  \\$aABB060$bcze
=080  \\$a(035)$2MRF
=245  00$aČeská filozofie ve 20.století :$bSv.1. Směry, osobnosti, problémy /$credakce Jiří Gabriel, Lubomír Nový, Jan Zouhar.
=260  \\$aBrno :$bVydavatelství Masarykovy univerzity,$c1995.
=300  \\$a363 s.
=380  \\$iMajor genre$aSecondary literature$leng
=520  2\$aKolektivní práce s oddíly První polovina století, Druhá polovina století, Několik sond (mj. s kapitolou: Zouhar Jan, Filozofické motivy v krásné literatuře, s. 292-305, o: Šalda František Xaver, Březina Otokar, Neumann Stanislav Kostka, Čapek Karel, Černý Václav).
=524  \\$aGABRIEL, Jiří - NOVÝ, Lubomír - ZOUHAR, Jan et al.: Česká filozofie ve 20. století : Sv. 1. Směry, osobnosti, problémy. Brno : Vydavatelství Masarykovy univerzity, 1995.
=599  \\$axbibl
=600  17$aBřezina, Otokar$d(1868-1929)$7jk01020045$2czenas$1http://viaf.org/viaf/44341760
=600  17$aNeumann, Stanislav Kostka$d(1875-1947)$7jk01090079$2czenas$1http://viaf.org/viaf/27863744
=600  17$aZouhar, Jan$d(1949- )$7mzk2002103015$2czenas$1http://viaf.org/viaf/22297126
=600  17$aČapek, Karel$d(1890-1938)$7jk01021023$2czenas$1http://viaf.org/viaf/34454129
=600  17$aČerný, Václav$d(1905-1987)$7jk01021636$2czenas$1http://viaf.org/viaf/17220404
=600  17$aŠalda, F. X. (František Xaver)$q(František Xaver),$d(1867-1937)$7jk01122425$2czenas$1http://viaf.org/viaf/14783197
=650  07$afilozofické myšlení$7ph137813$2czenas
=650  07$afilozofie$7ph114540$2czenas
=650  07$afilozofové$7ph117191$2czenas
=655  \7$apříručky$7fd133209$2czenas
=700  1\$aGabriel, Jiří$d(1930-2020)$4red$7jk01032230$1http://viaf.org/viaf/22161635
=700  1\$aNový, Lubomír$d(1930-1996)$4red$7jk01090810$1http://viaf.org/viaf/9977557
=700  1\$aZouhar, Jan$d(1949- )$4red$7mzk2002103015$1http://viaf.org/viaf/22297126
=910  \\$aABB060
=964  \\$a02.06
=964  \\$a02.12.04
=964  \\$a03.05
=964  \\$aB80
=995  \\$aČeská Literární Bibliografie
=FMT  BK
=OWN  \\$aUCLA
=SIF  \\$ass

