=LDR  02329nam a22004934a 4500
=001  001557446
=003  CZ\PrUCL
=005  20210305141008.0
=008  030716s1995\\\\xr\\\\\\\\\\\\|||\||cze\d
=035  \\$a(ISIS-B80-ID)B9045809
=035  \\$a(ISIS-B80-MFN)93447
=040  \\$aABB060$bcze
=080  \\$a(0.072)$2MRF
=080  \\$a(048.8)$2MRF
=245  00$aStaročeská kronika tak řečeného Dalimila :$bSv. 3. Staročeská kronika tak řečeného Dalimila v kontextu středověké historiografie latinského kulturního okruhu a její pramenná hodnota. Historický komentář. Rejstřík /$czpracovala Marie Bláhová.
=260  \\$aPraha :$bAcademia,$c1995.
=300  \\$a494 s.
=380  \\$iMajor genre$aSecondary literature$leng
=380  \\$iMajor genre$aLiterature$leng
=381  \\$iMajor genre$aOther$leng
=490  1\$aTexty a studie k dějinám českého jazyka a literatury ;$vsv. 6
=520  2\$aSvazek navazující na dvousvazkovou edici: Dalimilova kronika (Praha, Academia 1988, hlavní editor: Daňhelka Jiří) obsahuje monografii (s. 7-323), historický komentář (s. 325-393), rejstřík (s. 435-486); s předmluvou, se seznamem pramenů a literatury.
=524  \\$aBLÁHOVÁ, Marie: Staročeská kronika tak řečeného Dalimila : Sv. 3. Staročeská kronika tak řečeného Dalimila v kontextu středověké historiografie latinského kulturního okruhu a její pramenná hodnota. Historický komentář. Rejstřík. Praha : Academia, 1995.
=599  \\$axbibl
=600  17$aDaňhelka, Jiří$d(1919-1993)$7jk01022039$2czenas$1http://viaf.org/viaf/27087121
=630  07$aDalimilova kronika$7unn2006374858$2czenas
=650  04$astarší česká literatura
=650  07$akroniky$7ph121967$2czenas
=650  07$alatinsky psaná literatura$7ph122193$2czenas
=650  07$astředověk$7ph126223$2czenas
=650  \7$aLatin literature$2ELB-n
=655  \7$akomentáře$7fd132578$2czenas
=655  \7$akroniky$7fd132684$2czenas
=700  1\$aBláhová, Marie$d(1944- )$4edt$7jk01012232$1http://viaf.org/viaf/79065771
=830  \0$aTexty a studie k dějinám českého jazyka a literatury
=910  \\$aABB060
=964  \\$a02.06
=964  \\$a03.02
=964  \\$a04.33
=964  \\$aB80
=995  \\$aČeská Literární Bibliografie
=FMT  BK
=OWN  \\$aUCLA
=SIF  \\$ass

