=LDR  01813nam a22004214a 4500
=001  001557447
=003  CZ\PrUCL
=005  20210309113602.0
=008  170104s1995\\\\xr\\\\\\\\\\\\|||\||cze\d
=035  \\$a(ISIS-B80-ID)B9045810
=035  \\$a(ISIS-B80-MFN)93448
=040  \\$aABB060$bcze
=080  \\$a(048.8)$2MRF
=245  00$aDějiny Moravy :$bDíl 2. Morava reformace, renesance a baroka /$czpracoval Josef Válka.
=260  \\$aBrno :$bMuzejní a vlastivědná společnost,$c1995.
=300  \\$a279 s.
=380  \\$iMajor genre$aSecondary literature$leng
=490  1\$aVlastivěda moravská. Země a lid. Nová řada ;$vsv. 6
=520  2\$aS oddíly Morava stavovství, reformace a renesance (mj. s kapitolou Kultura renesance a manýrismu, s. 60-77), Stavovská povstání a třicetiletá válka, Barokní absolutismus, Kultura baroka na Moravě (s. 181-244, s kapitolami: Baroko jako kultura, Vědění a literatura, Barokní výtvarné umění, Slavnosti a dvojí tvář baroka); s výběrovou bibliografií a s doslovem.
=524  \\$aVÁLKA, Josef: Dějiny Moravy : Díl 2. Morava reformace, renesance a baroka. Brno : Muzejní a vlastivědná společnost, 1995.
=599  \\$axbibl
=650  07$abaroko$7ph118766$2czenas
=650  07$akultura$7ph122009$2czenas
=650  07$areformace$7ph125063$2czenas
=650  07$arenesance$7ph125119$2czenas
=651  \7$aMorava (Česko)$7ge130070$2czenas
=655  \7$amonografie$7fd132842$2czenas
=700  1\$aVálka, Josef$d(1929-2017)$4edt$7jk01141309$1http://viaf.org/viaf/19726472
=830  \0$aVlastivěda moravská. Země a lid. Nová řada
=910  \\$aABB060
=964  \\$a02.06
=964  \\$a02.12.04
=964  \\$a03.02
=964  \\$aB80
=995  \\$aČeská Literární Bibliografie
=FMT  BK
=OWN  \\$aUCLA
=SIF  \\$ass

