=LDR  02078nam a22004814a 4500
=001  001557448
=003  CZ\PrUCL
=008  170104s1995\\\\xr\\\\\\\\\\\\|||\||cze\d
=035  \\$a(ISIS-B80-ID)B9045811
=035  \\$a(ISIS-B80-MFN)93449
=040  \\$aABB060$bcze
=041  1\$acze$hger
=080  \\$a(035)$2MRF
=100  1\$aHenckmann, Wolfhart$d(1937- )$7xx0012078$4aut$1http://viaf.org/viaf/32035886
=245  10$aEstetický slovník /$cWolfhart Henckmann, Konrad Lotter ; z německého originálu Lexikon der Ästhetik (München, C. H. Beck'sehe Verlagsbuchhandlung 1992) přeložil a Předmluvu k českému vydání (s. 5-7) napsal Dušan Prokop
=260  \\$aPraha :$bNakladatelství Svoboda,$c1995
=300  \\$a230 s.
=380  \\$iMajor genre$aSecondary literature$leng
=490  1\$aČlenská knižnice
=520  2\$aS doplňky a dodatky pro české vydání; s ediční poznámkou (s. 9).
=524  \\$aHENCKMANN, Wolfhart - LOTTER, Konrad - PROKOP, Dušan et al.: Estetický slovník. Z německého originálu Lexikon der Ästhetik (München, C. H. Beck'sehe Verlagsbuchhandlung 1992) přeložil a Předmluvu k českému vydání napsal Dušan Prokop. Praha : Nakladatelství Svoboda, 1995.
=599  \\$axbibl
=650  04$aliteratura (obecně)$xOPRAVA UCL
=650  04$ateorie literatury$xOPRAVA UCL
=650  04$aučebnice, slovníky a příručky$xOPRAVA UCL
=650  07$aestetika$7ph117189$2czenas
=650  07$aněmecká literatura$7ph117246$2czenas
=650  \7$aGerman literature$2ELB-n
=655  \7$apříručky$7fd133209$2czenas
=700  1\$aLotter, Konrad$d(1947- )$4aut$7mub2010604955$1http://viaf.org/viaf/271008523
=700  1\$aProkop, Dušan$d(1926- )$4trl$4aui$7jk01101296$1http://viaf.org/viaf/37639843
=710  2\$aNakladatelství Svoboda$1http://viaf.org/viaf/150119541
=830  \0$aČlenská knižnice
=910  \\$aABB060
=964  \\$a01
=964  \\$a02.01
=964  \\$a02.12.04
=964  \\$a04.17
=964  \\$aB80
=995  \\$aČeská Literární Bibliografie
=FMT  BK
=OWN  \\$aUCLA
=SIF  \\$ass

