=LDR  01855nam a22004934a 4500
=001  001557452
=003  CZ\PrUCL
=005  20201001101205.0
=008  161221s1996\\\\xr\\\\\\\\\\\\|||\||cze\d
=035  \\$a(ISIS-B80-ID)B9045815
=035  \\$a(ISIS-B80-MFN)93453
=040  \\$aABB060$bcze
=080  \\$a(0:82-6)$2MRF
=080  \\$a(0:82-94)$2MRF
=100  1\$aŠkutina, Vladimír$d(1931-1995)$7jk01130395$4aut$1http://viaf.org/viaf/66876576
=245  10$aSvět jako skleněná duhová kulička /$cVladimír Škutina.
=250  \\$a2., upravené vydání
=260  \\$aPraha :$bMladá fronta,$c1996.
=300  \\$a203 s.
=380  \\$iMajor genre$aLiterature$leng
=381  \\$iMajor genre$aOther$leng
=500  \\$aV ČR 1.vyd.
=520  2\$aSoubor příběhů a vzpomínek na Prahu autorova dětství psaných z vězení dceři Lucii (1., exilové vydání vyšlo ve Švýcarsku s předmluvou: Seifert Jaroslav).
=524  \\$aŠKUTINA, Vladimír: Svět jako skleněná duhová kulička. Praha : Mladá fronta, 1996.
=599  \\$axbibl
=600  17$aSeifert, Jaroslav$d(1901-1986)$7jk01110657$2czenas$1http://viaf.org/viaf/12317734
=600  17$aŠkutina, Vladimír$d(1931-1995)$7jk01130395$2czenas$1http://viaf.org/viaf/66876576
=648  \4$a1901-2000$xOPRAVA UCL
=650  07$aosobnosti$7ph115615$2czenas
=650  07$ačeská literatura$7ph116858$2czenas
=650  \7$aCzech literature$2ELB-n
=651  \4$aPraha$xOPRAVA UCL
=655  \7$akorespondence$7fd132681$2czenas
=655  \7$apaměti$7fd132997$2czenas
=710  2\$aMladá fronta$1http://viaf.org/viaf/154959962
=710  2\$aMladá fronta (nakladatelství)$1http://viaf.org/viaf/148958144
=910  \\$aABB060
=964  \\$a03.05
=964  \\$a05
=964  \\$aB80
=995  \\$aČeská Literární Bibliografie
=FMT  BK
=OWN  \\$aUCLA
=SIF  \\$ass

