=LDR  02381nam a22004694a 4500
=001  001557536
=003  CZ\PrUCL
=005  20210315175257.0
=008  170104s1994\\\\xr\\\\\\\\\\\\|||\||cze\d
=035  \\$a(ISIS-B80-ID)B9045899
=035  \\$a(ISIS-B80-MFN)93537
=040  \\$aABB060$bcze
=080  \\$a(048.8)$2MRF
=100  1\$aUhlíř, Jiří$d(1937- )$7jk01140651$4aut$1http://viaf.org/viaf/83944487
=245  10$aJasenná :$bOkres Náchod. Vlastivěda obce. K 700 letům existence obce Jasenná u Jaroměře /$cJiří Uhlíř.
=260  \\$aJasenná :$bvl. n. obce,$c1994.
=300  \\$a304 s.
=380  \\$iMajor genre$aSecondary literature$leng
=520  2\$aVlastivědná publikace, mj. s kapitolkami České národní obrození v Jasenné v letech 1781-1848 (s. 85-86, mj. zmínky o: Schön Josef, Holec František); Spisovatel Jaroslav Hašek v Jasenné v roce 1914-1915 (o: Hašek Jaroslav, s bibliografií na s. 245-246); Významné osobnosti a rodáci obce (mj. o: Joneš Alois, s. 206-207, s bibliografií); v oddílu Výběrová bibliografie též soupis Jasenná v literatuře (s. 246); s autorovým doslovem (s. 279-281); s medailónem autora (s. 282-283, včetně bibliografie jeho prací); s rejstříky.
=524  \\$aUHLÍŘ, Jiří: Jasenná : Okres Náchod. Vlastivěda obce. K 700 letům existence obce Jasenná u Jaroměře. Jasenná : vl. n. obce, 1994.
=599  \\$axbibl
=600  17$aHašek, Jaroslav$d(1883-1923)$7jk01040097$2czenas$1http://viaf.org/viaf/4931097
=600  17$aHolec, František$d(1925-2011)$7jk01041682$2czenas$1http://viaf.org/viaf/73820511
=600  17$aJoneš, Alois$d(1929- )$7jk01052087$2czenas$1http://viaf.org/viaf/45555886
=600  17$aSchön, Josef$d(1797-1877)$7mzk2006348619$2czenas$1http://viaf.org/viaf/84672056
=650  07$abibliografie$7ph118867$2czenas
=650  07$adějiny české literatury$7ph483973$2czenas
=650  07$aregionální literatura$7ph125079$2czenas
=650  07$avlastivěda$7ph137666$2czenas
=650  \7$aCzech literature$2ELB-n
=650  \7$aRegional literature$2ELB-g
=651  \7$aJasenná (Náchod, Česko)$7ge129434$2czenas
=655  \7$amonografie$7fd132842$2czenas
=910  \\$aABB060
=964  \\$a02.06
=964  \\$a02.12.01
=964  \\$a03.01
=964  \\$aB80
=995  \\$aČeská Literární Bibliografie
=FMT  BK
=OWN  \\$aUCLA
=SIF  \\$ass

