=LDR  03459nam a22004934a 4500
=001  001557537
=003  CZ\PrUCL
=005  20210203160901.0
=008  170104s1996\\\\gw\\\\\\\\\\\\|||\||cze\d
=015  \\$acnb000137586
=020  \\$a80-7173-255-9
=035  \\$a(ISIS-B80-ID)B9045900
=035  \\$a(ISIS-B80-MFN)93538
=040  \\$aABB060$bcze
=044  \\$agw$axr
=072  \7$a3$xSpolečenské vědy$2Konspekt$918
=080  \\$a(048.8)$2MRF
=080  \\$a(082)$2MRF
=245  00$aRozhlasová univerzita Svobodné Evropy :$b3.díl /$ceditoval, pro knižní vydání přepracoval, Antonín Kratochvil.
=260  \\$aMnichov ;$aPlzeň ;$aBrno :$bMOBA,$c1996.
=300  \\$a248 s.
=380  \\$iMajor genre$aLiterature$leng
=381  \\$iMajor genre$aOther$leng
=506  \\$aB80AN
=520  2\$aSoubor rozhlasových přednášek, mj. s příspěvky: Novák M., Co je živé a co je mrtvé na Masarykově kritické analýze marxismu (s.8-13); Matějka J. S., Filosof Josef Ludvík Fischer (s.14-20); Mácha K., Křesťanský filosof Karel Vrána (s.21-27); Mácha K., Filosofie věčnosti /K jubileu výročí úmrtí prof.Josefa Kratochvila/ (s.28-33); Večerka R., Staroslověnská literatura v přemyslovských Čechách (s.36-42); Kratochvil A., Anežka Přemyslovna v zrcadle české literatury (s.43-50); Jeřábek D., Literárněvědné dílo Oldřicha Králíka (s.51-56); Jeřábek D., Básník a prozaik Robert Konečný (s.57-62); Hořec J., Strojopisné samizdaty v českých zemích (s.63-68); Kratochvil A., Aktuálnost díla Jana Trefulky (s.69-76); Kubíček T., Charakter úzkosti v románovém prostoru Milana Kundery (s.77-81); Peroutka F., Konec literatury české (s.82-85); Chvatík K., Dílo Josefa Škvoreckého ve vývoji české literatury (s.86-93); Všetička F., Nad odkazem romanopisce Václava Prokůpka (s.98-103); Vojvodík J., Zapomínaný vězeň - lyrik Josef Palivec (s.104-111); Staněk J., Životní osudy spisovatele Jiřího Muchy (s.112-118); Vojvodík J., Oběť českého udavačství - básník Jan Dokulil (s.119-126); Měšťan A., Básník a historik Zdeněk Kalista (s.127-131); Med J., Básník František Daniel Merth (s.132-139); Kopecký M., Valentin Bernard Jestřábský (s.142-148); Viktora V., Život a dílo A.Chanovského z Dlouhé Vsi (s.149-155); Kopecký M., Bohuslav Balbín a jeho tak řečená Obrana (s.156-161); Kopecký M., Křižovnický dějepisec Jan František Beckovský (s.162-168); Fic I., Motiv smrti v díle Bedřicha Bridela (s.169-175); Kratochvil A., Evropský fenomén - český barok (s.176-182); Martinek L., Josef Vašica mezi literaturou a hudbou (s.183-188); Kopecký, M., Antonín Koniáš - rozporuplná postava české kultury (s. 238-246).
=524  \\$aKRATOCHVIL, Antonín: Rozhlasová univerzita Svobodné Evropy : 3. díl. Mnichov ; Plzeň ; Brno : MOBA, 1996.
=599  \\$axbibl
=610  27$aRadio Free Europe$7kn20010711375$2czenas
=650  07$ahumanitní vědy$7ph114730$2czenas
=650  07$arozhlas$7ph125246$2czenas
=650  07$auniverzity$7ph126937$2czenas
=655  \7$asborníky$7fd163935$2czenas
=700  1\$aKratochvil, Antonín$d(1924-2004)$4edt$7jk01062954$1http://viaf.org/viaf/68973839
=910  \\$aABB060
=964  \\$a02.06
=964  \\$a03.01
=964  \\$a04.33
=964  \\$a04.50
=964  \\$aB80
=964  \\$aMBK
=995  \\$aČeská Literární Bibliografie
=FMT  BK
=OWN  \\$aUCLA
=SIF  \\$ass

