=LDR  01255nam a22003374a 4500
=001  001557538
=003  CZ\PrUCL
=005  20210305135023.0
=008  170104s1995\\\\xr\\\\\\\\\\\\|||\||cze\d
=035  \\$a(ISIS-B80-ID)B9045901
=035  \\$a(ISIS-B80-MFN)93539
=040  \\$aABB060$bcze
=080  \\$a(035)$2MRF
=100  1\$aKožmín, Zdeněk$d(1925-2007)$7jk01062674$4aut$1http://viaf.org/viaf/68976457
=245  10$aTvořivý sloh :$bMalé traktáty a malé scénáře /$cZdeněk Kožmín.
=260  \\$aPraha :$bVictoria Publishing,$c1995.
=300  \\$a108 s.
=380  \\$iMajor genre$aSecondary literature$leng
=520  2\$aNetradiční příručka slohové výuky shrnuje zkušenosti z autorova učitelského působení na gymnáziu v Zastávce u Brna v letech 1970-1985; s poznámkou Slovo o autorovi a knize (zadní strana přebalu).
=524  \\$aKOŽMÍN, Zdeněk: Tvořivý sloh : Malé traktáty a malé scénáře. Praha : Victoria Publishing, 1995.
=599  \\$axbibl
=650  07$astylistika$7ph126173$2czenas
=655  \7$apříručky$7fd133209$2czenas
=910  \\$aABB060
=964  \\$a02.06
=964  \\$a02.12.04
=964  \\$aB80
=995  \\$aČeská Literární Bibliografie
=FMT  BK
=OWN  \\$aUCLA
=SIF  \\$ass

