=LDR  02747nam a22005534a 4500
=001  001557539
=003  CZ\PrUCL
=005  20200429182723.0
=008  170104s1996\\\\xr\\\\\\\\\\\\|||\||cze\d
=015  \\$acnb000120535
=020  \\$a80-901646-7-6
=035  \\$a(ISIS-B80-ID)B9045902
=035  \\$a(ISIS-B80-MFN)93540
=040  \\$aABB060$bcze
=072  \7$a929$xBiografie$2Konspekt$98
=080  \\$a(047.53)$2MRF
=245  00$aŽivot je jen náhoda /$cnapsal a uspořádal Boris Dočekal.
=260  \\$aHavlíčkův Brod :$bHejkal,$c1996.
=300  \\$a160 s.
=380  \\$iMajor genre$aLiterature$leng
=381  \\$iMajor genre$aOther$leng
=520  2\$aKniha rozhovorů vycházejících v letech 1994 a 1995 v Magazínu Mladé fronty Dnes (pro knižní vydání upraveno, popř. doplněno), mj. rozhovory s uvedenými osobnostmi; s úvodními medailony interviewovaných; s poznámkou o B. Dočekalovi (na zadní straně přebalu).
=524  \\$aDOČEKAL, Boris - JIROUS, Ivan Martin - ZIKMUND, Miroslav et al.: Život je jen náhoda. Havlíčkův Brod : Hejkal, 1996.
=599  \\$axbibl
=600  14$aKomárek, Vladimír$xOPRAVA UCL
=600  14$aZikmund, Miroslav$xOPRAVA UCL
=600  17$aJirous, Ivan Martin$d(1944-2011)$7jn19981001568$2czenas$1http://viaf.org/viaf/119364641
=600  17$aMoserová, Jara$d(1930-2006)$7jk01082123$2czenas$1http://viaf.org/viaf/71423843
=600  17$aSmoljak, Ladislav$d(1931-2010)$7jk01120128$2czenas$1http://viaf.org/viaf/74664740
=600  17$aSvěrák, Zdeněk$d(1936- )$7jk01121890$2czenas$1http://viaf.org/viaf/62360050
=600  17$aŠkvorecký, Josef$d(1924-2012)$7jk01130413$2czenas$1http://viaf.org/viaf/83176668
=648  \7$a1991-2000$7ch460587$2czenas
=650  07$ačeští spisovatelé$7ph128175$2czenas
=655  \7$arozhovory$7fd133303$2czenas
=700  1\$aDočekal, Boris$d(1950- )$4edt$4ivr$7jn19990218017$1http://viaf.org/viaf/62476208
=700  1\$aJirous, Ivan Martin$d(1944-2011)$4ive$7jn19981001568$1http://viaf.org/viaf/119364641
=700  1\$aKomárek, Vladimír$d(1949- )$4ive$7jn20000710258$1http://viaf.org/viaf/84040487
=700  1\$aMoserová, Jara$d(1930-2006)$4ive$7jk01082123$1http://viaf.org/viaf/71423843
=700  1\$aSmoljak, Ladislav$d(1931-2010)$4ive$7jk01120128$1http://viaf.org/viaf/74664740
=700  1\$aSvěrák, Zdeněk$d(1936- )$4ive$7jk01121890$1http://viaf.org/viaf/62360050
=700  1\$aZikmund, Miroslav$d(1919-2021)$4ive$7jk01152634$1http://viaf.org/viaf/118550453
=700  1\$aŠkvorecký, Josef$d(1924-2012)$4ive$7jk01130413$1http://viaf.org/viaf/83176668
=910  \\$aABB060
=964  \\$a03.15
=964  \\$aB80
=995  \\$aČeská Literární Bibliografie
=FMT  BK
=OWN  \\$aUCLA
=SIF  \\$ass

