=LDR  01526nam a22004334a 4500
=001  001557540
=003  CZ\PrUCL
=005  20200625090127.0
=008  161221s1996\\\\xr\\\\\\\\\\\\|||\||cze\d
=035  \\$a(ISIS-B80-ID)B9045903
=035  \\$a(ISIS-B80-MFN)93541
=040  \\$aABB060$bcze
=080  \\$a(082)$2MRF
=100  1\$aMolière$d(1622-1673)$7jn19981001860$4aut$1http://viaf.org/viaf/2474502
=245  10$aNesmrtelná slova. - Les mots immortels /$cMoliere ; přeložil a úvod (s. 3-4) napsal V. Tichý.
=260  \\$aOlomouc :$bVotobia,$c1996.
=300  \\$a173 s.
=380  \\$iMajor genre$aLiterature$leng
=381  \\$iMajor genre$aOther$leng
=490  1\$aMalá díla ;$vsv. 45
=500  \\$aVydáno podle původního vydání (Praha, Hendrich).
=520  2\$aZrcadlové francouzsko-české vydání citátů z Moliera.
=524  \\$aMolière, - TICHÝ, V.: Nesmrtelná slova. - Les mots immortels. Přeložil a úvod napsal V. Tichý. Olomouc : Votobia, 1996.
=599  \\$axbibl
=600  17$aMolière$d(1622-1673)$7jn19981001860$2czenas$1http://viaf.org/viaf/2474502
=650  07$afrancouzská literatura$7ph120363$2czenas
=650  07$aosobnosti$7ph115615$2czenas
=650  \7$aFrench literature$2ELB-n
=655  \7$asborníky$7fd163935$2czenas
=700  1\$aTichý, V.$4trl$4aui$xOPRAVA UCL
=830  \0$aMalá díla
=910  \\$aABB060
=964  \\$a04.07
=964  \\$a05
=964  \\$aB80
=995  \\$aČeská Literární Bibliografie
=FMT  BK
=OWN  \\$aUCLA
=SIF  \\$ass

