=LDR  01724nam a22004094a 4500
=001  001557541
=003  CZ\PrUCL
=005  20180722140043.0
=008  161221s1996\\\\xr\\\\\\\\\\\\|||\||cze\d
=035  \\$a(ISIS-B80-ID)B9045904
=035  \\$a(ISIS-B80-MFN)93542
=040  \\$aABB060$bcze
=080  \\$a(082)$2MRF
=245  00$aMyšlenky Boženy Němcové /$cvybral Václav Tille ; ediční poznámku (s. 151) napsal Petr Mikeš.
=260  \\$aOlomouc :$bVotobia,$c1996.
=300  \\$a155 s.
=380  \\$iMajor genre$aLiterature$leng
=381  \\$iMajor genre$aOther$leng
=490  1\$aMalá díla ;$vsv. 43
=500  \\$aVydáno podle původního vydání (Praha, Jan Laichter 1920), s vypuštěním rejstříku.
=520  2\$aCitáty uspořádány do tematických celků: Zpověď, Láska a manželství, Manželství a děti, Ženy, Babička, Lid, Služebnost, Národnost, Slovensko, Hoře a smrt, Smír, Přátelství a přirozenost, Literatura a hudba, Úsloví.
=524  \\$aTILLE, Václav - MIKEŠ, Petr: Myšlenky Boženy Němcové. Ediční poznámku napsal Petr Mikeš. Olomouc : Votobia, 1996.
=599  \\$axbibl
=600  14$aNěmcová, Božena$d(1820-1862)$xOPRAVA UCL$1http://viaf.org/viaf/56763450
=650  07$aosobnosti$7ph115615$2czenas
=655  \7$asborníky$7fd163935$2czenas
=700  1\$aMikeš, Petr$d(1948-2016)$4edt$7jn19990218068$1http://viaf.org/viaf/69085178
=700  1\$aTille, Václav$d(1867-1937)$4com$7jk01132468$1http://viaf.org/viaf/35494942
=787  08$aNěmcová, Božena$tBabička$4próza
=830  \0$aMalá díla
=910  \\$aABB060
=964  \\$a05
=964  \\$aB80
=995  \\$aČeská Literární Bibliografie
=FMT  BK
=OWN  \\$aUCLA
=SIF  \\$ass

