=LDR  01540nam a22004454a 4500
=001  001557542
=003  CZ\PrUCL
=005  20200410195608.0
=008  170104s1996\\\\xr\\\\\\\\\\\\|||\||cze\d
=015  \\$acnb000113154
=020  \\$a80-00-00354-6
=035  \\$a(ISIS-B80-ID)B9045905
=035  \\$a(ISIS-B80-MFN)93543
=040  \\$aABB060$bcze
=072  \7$a821-1/-8$xLiteratura různých forem a žánrů$2Konspekt$925
=080  \\$a(082)$2MRF
=100  1\$aAugusta, Pavel$d(1943- )$7jk01010424$4aut$1http://viaf.org/viaf/61966432
=245  10$aSlavné výroky /$cPavel Augusta, František Honzák.
=260  \\$aPraha :$bAlbatros,$c1996.
=300  \\$a63 s.
=380  \\$iMajor genre$aLiterature$leng
=381  \\$iMajor genre$aOther$leng
=520  2\$aKomentovaný výbor z výroků slavných jedinců od antiky po dnešek; s úvodem Mluviti stříbro - mlčeti zlato? (s. 7-8).
=524  \\$aAUGUSTA, Pavel - HONZÁK, František: Slavné výroky. Praha : Albatros, 1996.
=599  \\$axbibl
=650  04$avýroky
=650  07$acitáty$7ph119246$2czenas
=655  \7$avýbory$7fd133853$2czenas
=700  1\$aHonzák, František$d(1949- )$4aut$7jn19990209256$1http://viaf.org/viaf/61597334
=710  2\$aAlbatros$1http://viaf.org/viaf/7004164120358610470003
=710  2\$aAlbatros$1http://viaf.org/viaf/4638153716413158820001
=910  \\$aABB060
=964  \\$a01
=964  \\$a02.12.04
=964  \\$a04
=964  \\$aB80
=995  \\$aČeská Literární Bibliografie
=FMT  BK
=OWN  \\$aUCLA
=SIF  \\$ass

