=LDR  01964nam a22004814a 4500
=001  001557543
=003  CZ\PrUCL
=005  20200528152439.0
=008  170104s1996\\\\xr\\\\\\\\\\\\|||\||cze\d
=015  \\$acnb000113149
=020  \\$a80-901790-2-9
=035  \\$a(ISIS-B80-ID)B9045906
=035  \\$a(ISIS-B80-MFN)93544
=040  \\$aABB060$bcze
=072  \7$a27$xKřesťanství. Křesťanská církev všeobecně. Eklesiologie$2Konspekt$95
=080  \\$a(0:82-94)$2MRF
=100  1\$aLukeš, František$d(1921-1998)$7jk01072618$4aut$1http://viaf.org/viaf/58707561
=245  10$aByl jsem nablízku /$cFrantišek Lukeš ; literární spolupráce Josef Čejka.
=260  \\$aPoděbrady :$bZámek,$c1996.
=300  \\$a144 s.
=380  \\$iMajor genre$aLiterature$leng
=381  \\$iMajor genre$aOther$leng
=520  2\$aKniha vzpomínek poděbradského probošta na dětství, kněžství i přátele (mj. na J. Seiferta, B. Chlumeckého, V. Komárka a K. Svolinského).
=524  \\$aLUKEŠ, František - ČEJKA, Josef: Byl jsem nablízku. Literární spolupráce Josef Čejka. Poděbrady : Zámek, 1996.
=599  \\$axbibl
=600  14$aChlumecký, Bohumil
=600  14$aKomárek, Vladimír$xOPRAVA UCL
=600  17$aLukeš, František$d(1921-1998)$7jk01072618$2czenas$1http://viaf.org/viaf/58707561
=600  17$aSeifert, Jaroslav$d(1901-1986)$7jk01110657$2czenas$1http://viaf.org/viaf/12317734
=600  17$aSvolinský, Karel$d(1896-1986)$7jk01122138$2czenas$1http://viaf.org/viaf/115038939
=650  07$akněží$7ph114940$2czenas
=650  07$avýtvarné umění$7ph116708$2czenas
=650  07$ačeští spisovatelé$7ph128175$2czenas
=655  \7$apaměti$7fd132997$2czenas
=700  1\$aČejka, Josef$d(1946- )$4adp$7jn19990209113$1http://viaf.org/viaf/83997699
=910  \\$aABB060
=964  \\$a02.06
=964  \\$a05
=964  \\$aB80
=995  \\$aČeská Literární Bibliografie
=FMT  BK
=OWN  \\$aUCLA
=SIF  \\$ass

