=LDR  03047nam a22005894a 4500
=001  001557544
=003  CZ\PrUCL
=005  20200426182331.0
=008  170104s1996\\\\xr\\\\\\\\\\\\|||\||cze\d
=015  \\$acnb000131615
=020  \\$a80-202-0600-0
=035  \\$a(ISIS-B80-ID)B9045907
=035  \\$a(ISIS-B80-MFN)93545
=040  \\$aABB060$bcze
=072  \7$a929$xBiografie$2Konspekt$98
=080  \\$a(0:82-94)$2MRF
=100  1\$aHalas, Jan$d(1945-2010)$7jn19981001389$4aut$1http://viaf.org/viaf/16585528
=245  10$aDodatky /$cJan Halas ; předmluvu napsal Rudolf Matys ; dovětek napsal Ludvík Kundera.
=260  \\$aPraha :$bČeský spisovatel,$c1996.
=300  \\$a111 s.
=380  \\$iMajor genre$aLiterature$leng
=381  \\$iMajor genre$aOther$leng
=520  2\$aSoubor 18 vzpomínkových medailonů syna F. Halase (14 z nich původně vysíláno na rozhlasové stanici Vltava v pořadu "Obrazy noci"), s předmluvou Milý Honzo Halasi, Jene (na záložkách); s dovětkem (s. 105-106); se vzpomínkami na uvedené literáty.
=524  \\$aHALAS, Jan - MATYS, Rudolf - KUNDERA, Ludvík et al.: Dodatky. Dovětek napsal Ludvík Kundera. Praha : Český spisovatel, 1996.
=599  \\$axbibl
=600  17$aBochořák, Klement$d(1910-1981)$7jk01012559$2czenas$1http://viaf.org/viaf/69914306
=600  17$aFoglar, Jaroslav$d(1907-1999)$7jk01031485$2czenas$1http://viaf.org/viaf/32799051
=600  17$aFuks, Ladislav$d(1923-1994)$7jk01032159$2czenas$1http://viaf.org/viaf/22183852
=600  17$aFučík, Bedřich$d(1900-1984)$7jk01032098$2czenas$1http://viaf.org/viaf/36966471
=600  17$aHalas, František$d(1901-1949)$7jk01033200$2czenas$1http://viaf.org/viaf/27099101
=600  17$aHolan, Vladimír$d(1905-1980)$7jk01041653$2czenas$1http://viaf.org/viaf/12227
=600  17$aNezval, Vítězslav$d(1900-1958)$7jk01090162$2czenas$1http://viaf.org/viaf/7402030
=600  17$aRenč, Václav$d(1911-1973)$7jk01102340$2czenas$1http://viaf.org/viaf/105853342
=600  17$aReynek, Bohuslav$d(1892-1971)$7jk01102385$2czenas$1http://viaf.org/viaf/44443053
=600  17$aSeifert, Jaroslav$d(1901-1986)$7jk01110657$2czenas$1http://viaf.org/viaf/12317734
=600  17$aSkácel, Jan$d(1922-1989)$7jk01111393$2czenas$1http://viaf.org/viaf/115824377
=600  17$aWerich, Jan$d(1905-1980)$7jk01151601$2czenas$1http://viaf.org/viaf/56658458
=600  17$aZávada, Vilém$d(1905-1982)$7jk01152210$2czenas$1http://viaf.org/viaf/25398924
=648  \7$a1951-2000$7ch460577$2czenas
=650  07$ačeští spisovatelé$7ph128175$2czenas
=655  \7$amedailony$7fd185951$2czenas
=655  \7$apaměti$7fd132997$2czenas
=700  1\$aKundera, Ludvík$d(1920-2010)$4aft$7jk01070892$1http://viaf.org/viaf/12357881
=700  1\$aMatys, Rudolf$d(1938- )$4aui$7jk01080885$1http://viaf.org/viaf/6954246
=710  2\$aČeský Spisovatel$1http://viaf.org/viaf/316026933
=910  \\$aABB060
=964  \\$a03.16
=964  \\$aB80
=995  \\$aČeská Literární Bibliografie
=FMT  BK
=OWN  \\$aUCLA
=SIF  \\$ass

