=LDR  02104nam a22004334a 4500
=001  001557545
=003  CZ\PrUCL
=005  20200518231030.0
=008  170104s1996\\\\xr\\\\\\\\\\\\|||\||cze\d
=035  \\$a(ISIS-B80-ID)B9045908
=035  \\$a(ISIS-B80-MFN)93546
=040  \\$aABB060$bcze
=072  \7$a821.162.3.09$xČeská literatura (o ní)$2Konspekt$911
=080  \\$a(0:82-6)$2MRF
=100  1\$aMarysko, Karel$d(1915-1988)$7jk01080415$4aut$1http://viaf.org/viaf/54983709
=245  10$aDílo Karla Maryska.$nSv. 11,$pZ korespondence /$cKarel Marysko ; k vydání připravili Václav Kadlec, Maxi Marysko.
=260  \\$aPraha :$bPražská imaginace,$c1996.
=300  \\$a172 s.
=380  \\$iMajor genre$aLiterature$leng
=381  \\$iMajor genre$aOther$leng
=520  2\$aSvazek obsahuje podstatnou část korespondence K. Maryska z let 1942-1988, zejména dopisů zachovaných u B. Hrabala; další rukopisy poskytli S. Roth, M. Albich a K. Bartošek.
=524  \\$aMARYSKO, Karel - KADLEC, Václav - MARYSKO, Maxi et al.: Dílo Karla Maryska. Sv. 11, Z korespondence. K vydání připravili Václav Kadlec, Maxi Marysko. Praha : Pražská imaginace, 1996.
=599  \\$axbibl
=600  17$aAlbich, Milan$d(1925-2000)$7jk01010162$2czenas$1http://viaf.org/viaf/83655502
=600  17$aBartošek, Karel$d(1930-2004)$7jk01010953$2czenas$1http://viaf.org/viaf/14792358
=600  17$aHrabal, Bohumil$d(1914-1997)$7jk01042564$2czenas$1http://viaf.org/viaf/34458072
=600  17$aMarysko, Karel$d(1915-1988)$7jk01080415$2czenas$1http://viaf.org/viaf/54983709
=600  17$aRoth, Susanna$d(1950-1997)$7jn20020118005$2czenas$1http://viaf.org/viaf/76322308
=650  07$ačeští spisovatelé$7ph128175$2czenas
=655  \7$akorespondence$7fd132681$2czenas
=700  1\$aKadlec, Václav$d(1951- )$4edt$7jn99240000405$1http://viaf.org/viaf/74008453
=700  1\$aMarysko, Maxi$d(1945-2000)$4edt$7jn99240000689$1http://viaf.org/viaf/45139498
=910  \\$aABB060
=964  \\$a05
=964  \\$aB80
=995  \\$aČeská Literární Bibliografie
=FMT  BK
=OWN  \\$aUCLA
=SIF  \\$ass

