=LDR  01404nam a22004334a 4500
=001  001557610
=003  CZ\PrUCL
=008  170104s1996\\\\xr\\\\\\\\\\\\|||\||cze\d
=035  \\$a(ISIS-B80-ID)B9045673
=035  \\$a(ISIS-B80-MFN)93611
=040  \\$aABB060$bcze
=080  \\$a(048.8)$2MRF
=100  1\$aMacura, Vladimír$d(1945-1999)$7jk01072821$4aut$1http://viaf.org/viaf/115858496
=245  10$aTovárna: dvojí mýtus /$cVladimír Macura
=260  \\$aPraha :$bTvar,$c1996
=300  \\$a32 s.
=380  \\$iMajor genre$aSecondary literature$leng
=490  1\$aTvary ;$vsv. 6
=520  2\$aStudie (příloha časopisu Tvar 7, 1996, č. 6, 14. 3., 32 s.), s nepodepsanou biograficko-bibliografickou poznámkou o autorovi na s. 2.
=524  \\$aMACURA, Vladimír: Továrna: dvojí mýtus. Praha : Tvar, 1996.
=599  \\$axbibl
=648  \7$a1991-2000$7ch460587$2czenas
=650  04$aliteratura (obecně)$xOPRAVA UCL
=650  04$ačeská literární historie$xOPRAVA UCL
=650  07$adějiny české literatury$7ph483973$2czenas
=650  07$amýty$7ph123146$2czenas
=650  \7$aCzech literature$2ELB-n
=655  \7$astudie$7fd133597$2czenas
=787  08$tTvar$4YYY
=830  \0$aTvary
=910  \\$aABB060
=964  \\$a01
=964  \\$a03.01
=964  \\$a03.15.05
=964  \\$aB80
=995  \\$aČeská Literární Bibliografie
=FMT  BK
=OWN  \\$aUCLA
=SIF  \\$agd

