=LDR  02029nam a22005054a 4500
=001  001557728
=003  CZ\PrUCL
=005  20210308153105.0
=008  161221s1996\\\\xr\\\\\\\\\\\\|||\||cze\d
=035  \\$a(ISIS-B80-ID)B9045953
=035  \\$a(ISIS-B80-MFN)93729
=040  \\$aABB060$bcze
=041  1\$acze$heng
=080  \\$a(048.8)$2MRF
=080  \\$a82:72/76$2MRF
=100  1\$aPater, Walter$d(1839-1894)$7jn19990006394$4aut$1http://viaf.org/viaf/19689601
=245  10$aRensance :$bStudie o výtvarném umění a poezii /$cWalter Pater ; z angličtiny přeložil a úvodní studii Walter Pater (Esej), s. 5-20, napsal Jan Reichmann ; ediční poznámku (s. 194-195) napsala Květoslava Komárková.
=250  \\$a2., upravené vydání
=260  \\$aOlomouc :$bVotobia,$c1996.
=300  \\$a198 s.
=380  \\$iMajor genre$aSecondary literature$leng
=500  \\$aPodle vydání Spolku výtvarných umělců Mánes, péčí Volných směrů, 1913, edice Dráhy a cíle, sv.9.
=524  \\$aPATER, Walter - REICHMANN, Jan - KOMÁRKOVÁ, Květoslava et al.: Rensance : Studie o výtvarném umění a poezii. Ediční poznámku napsala Květoslava Komárková. Olomouc : Votobia, 1996.
=599  \\$axbibl
=650  04$aanglicky psaná literární historie$xOPRAVA UCL
=650  04$aliteratura (obecně)$xOPRAVA UCL
=650  04$aostatní literatury$xOPRAVA UCL
=650  04$astyl$xOPRAVA UCL
=650  07$aliteratura a umění$7ph115156$2czenas
=650  07$apoetika$7ph117252$2czenas
=650  07$avýtvarné umění$7ph116708$2czenas
=655  \7$astudie$7fd133597$2czenas
=700  1\$aKomárková, Květoslava$4edt$7jx20040413034$1http://viaf.org/viaf/102393697
=700  1\$aReichmann, Jan$d(1885-1943)$4trl$4aui$7jk01102194$1http://viaf.org/viaf/304597577
=910  \\$aABB060
=964  \\$a01
=964  \\$a02.02.01
=964  \\$a02.06
=964  \\$a04
=964  \\$a04.01.05
=964  \\$aB80
=995  \\$aČeská Literární Bibliografie
=FMT  BK
=OWN  \\$aUCLA
=SIF  \\$ass

