=LDR  02480nam a22004694a 4500
=001  001557729
=003  CZ\PrUCL
=005  20200421145644.0
=008  170104s1996\\\\xr\\\\\\\\\\\\|||\||cze\d
=020  \\$a80-211-0238-1
=035  \\$a(ISIS-B80-ID)B9045954
=035  \\$a(ISIS-B80-MFN)93730
=040  \\$aABB060$bcze
=072  \7$a821.162.3.09$xČeská literatura (o ní)$2Konspekt$911
=080  \\$a(01)$2MRF
=245  00$aLiteratura pro děti a mládež v ČR v roce 1995 :$bpřírůstky Sukovy studijní knihovny literatury pro mládež za rok 1995 /$credakčně zpracoval Juraj Daubner.
=260  \\$aPraha :$bÚstav pro informace ve vzdělávání :$bStátní pedagogická knihovna Komenského,$c1996.
=300  \\$a100 s.
=380  \\$iMajor genre$aSecondary literature$leng
=506  \\$aBez čísla ČNB.
=520  2\$aBibliografický soupis (dosud vycházející pod názvem "Přírůstky Sukovy studijní knihovny literatury pro mládež"), s oddíly: Literatura pro děti a mládež v ČR vydaná v roce 1995 (562 titulů); Starší literatura získaná do Sukovy studijní knihovny literatury pro mládež v roce 1995 (zázn. č. 563-867); s rejstříkem nakladatelů.
=524  \\$aDAUBNER, Juraj: Literatura pro děti a mládež v ČR v roce 1995 : přírůstky Sukovy studijní knihovny literatury pro mládež za rok 1995. Praha : Ústav pro informace ve vzdělávání : Státní pedagogická knihovna Komenského, 1996.
=599  \\$axbibl
=610  27$aStátní pedagogická knihovna Komenského (Praha, Česko).$bSukova studijní knihovna literatury pro mládež$7kn20010709103$2czenas
=648  \7$a1991-2000$7ch460587$2czenas
=650  07$aknihovny$7ph114926$2czenas
=650  07$aliteratura pro děti a mládež$7ph138316$2czenas
=650  \7$aChildren's literature$2ELB-g
=655  \7$abibliografie$7fd131898$2czenas
=700  1\$aDaubner, Juraj$4red$7jx20060623011$1http://viaf.org/viaf/49644580
=710  2\$aÚstav pro informace ve vzdělávání$1http://viaf.org/viaf/126492355
=710  2\$aStátní pedagogická knihovna Komenského (Praha, Česko)$1http://viaf.org/viaf/144099779
=787  08$tPřírůstky Sukovy studijní knihovny literatury pro mládež$4dřívější název bibliografické ročenky, nyní podnázev
=910  \\$aABB060
=964  \\$a02.09.01
=964  \\$a02.12.01
=964  \\$a03.15.07
=964  \\$aB80
=995  \\$aČeská Literární Bibliografie
=FMT  BK
=OWN  \\$aUCLA
=SIF  \\$ass

