=LDR  01768nam a22004334a 4500
=001  001557730
=003  CZ\PrUCL
=008  170104s1995\\\\xr\\\\\\\\\\\\|||\||cze\d
=035  \\$a(ISIS-B80-ID)B9045955
=035  \\$a(ISIS-B80-MFN)93731
=040  \\$aABB060$bcze
=080  \\$a(035)$2MRF
=080  \\$a(082.21)$2MRF
=245  00$aDomov má jméno Daruvar :$bLiterární tvorba Čechů v Chorvatsku /$cukázky vybral a usp., studii Literatura chorvatských Čechů - vývoj, současnost, výhledy (s. 125-157) napsal a slovník sestavil Ruda Turek
=260  \\$aPraha :$bArtia Pegas Press pro Nakladatelství Jednota Daruvar,$c1995
=300  \\$a336 s.
=380  \\$iMajor genre$aSecondary literature$leng
=380  \\$iMajor genre$aLiterature$leng
=381  \\$iMajor genre$aOther$leng
=520  2\$aS oddíly Domov má jméno Daruvar (Ukázky z krajanské literatury), s. 5-123 (antologie veršů i próz); Slovník krajanské literatury (Autoři, díla, instituce), s. 160-334.
=524  \\$aTUREK, Ruda: Domov má jméno Daruvar : Literární tvorba Čechů v Chorvatsku. Praha : Artia Pegas Press pro Nakladatelství Jednota Daruvar, 1995.
=599  \\$axbibl
=648  \4$a1901-2000$xOPRAVA UCL
=650  04$aučebnice, slovníky a příručky$xOPRAVA UCL
=650  07$akrajané$7ph832291$2czenas
=650  07$ačeská literatura$7ph116858$2czenas
=650  \7$aCzech literature$2ELB-n
=651  \7$aChorvatsko$7ge128941$2czenas
=655  \7$aantologie$7fd131819$2czenas
=655  \7$apříručky$7fd133209$2czenas
=700  1\$aTurek, Ruda$4com$4edt$4com$xOPRAVA UCL
=910  \\$aABB060
=964  \\$a02.12.04
=964  \\$a03.05
=964  \\$aB80
=995  \\$aČeská Literární Bibliografie
=FMT  BK
=OWN  \\$aUCLA
=SIF  \\$ass

