=LDR  01518nam a22004094a 4500
=001  001557731
=003  CZ\PrUCL
=005  20210309113510.0
=008  170104s1995\\\\xr\\\\\\\\\\\\|||\||cze\d
=035  \\$a(ISIS-B80-ID)B9045956
=035  \\$a(ISIS-B80-MFN)93732
=040  \\$aABB060$bcze
=041  1\$acze$heng
=080  \\$a(048.8)$2MRF
=100  1\$aWatts, Alan$d(1915-1973)$7jn19990008947$4aut$1http://viaf.org/viaf/2478279
=245  10$aMýtus a rituál v křesťanství /$cAlan W. Watts ; z anglického originálu Myth and ritual in christianity přeložil Jan Čulík.
=260  \\$aPraha :$bNakladatelství Tomáše Janečka :$bPragma,$c1995.
=300  \\$a239 s.
=380  \\$iMajor genre$aSecondary literature$leng
=524  \\$aWATTS, Alan - ČULÍK, Jan: Mýtus a rituál v křesťanství. Z anglického originálu Myth and ritual in christianity přeložil Jan Čulík. Praha : Nakladatelství Tomáše Janečka : Pragma, 1995.
=599  \\$axbibl
=650  07$akatolicismus$7ph121523$2czenas
=650  07$akřesťanství$7ph115073$2czenas
=650  07$aliturgie$7ph115164$2czenas
=650  07$amýty$7ph123146$2czenas
=650  07$anáboženství$7ph115485$2czenas
=655  \7$astudie$7fd133597$2czenas
=700  1\$aČulík, Jan$d(1925-1995)$4trl$7jo20000075585$1http://viaf.org/viaf/75561664
=910  \\$aABB060
=964  \\$a01
=964  \\$a02.06
=964  \\$a04.01.05
=964  \\$aB80
=995  \\$aČeská Literární Bibliografie
=FMT  BK
=OWN  \\$aUCLA
=SIF  \\$ass

