=LDR  02229nam a22005054a 4500
=001  001557732
=003  CZ\PrUCL
=005  20200908101601.0
=008  170104s1995\\\\xr\\\\\\\\\\\\|||\||cze\d
=035  \\$a(ISIS-B80-ID)B9045957
=035  \\$a(ISIS-B80-MFN)93733
=040  \\$aABB060$bcze
=080  \\$a(048.8)$2MRF
=100  1\$aZatloukal, Antonín$d(1916-1998)$7jk01152184$4aut$1http://viaf.org/viaf/187876467
=245  10$aStudie o francouzském románu /$cAntonín Zatloukal.
=260  \\$aOlomouc :$bVotobia,$c1995.
=300  \\$a365 s.
=380  \\$iMajor genre$aSecondary literature$leng
=520  2\$aSoubor statí (z let 1959-1988) interpretujících významná díla francouzských autorů od 20. let 18. století do 60. let 20. století; mj. se studiemi: Proměny francouzského románu (s. 312-330); Albert Thibaudet - kritik (s. 331-358, původně doslov ke knize: Thibaudet Albert, Román a kritika, Praha, Odeon 1987); se závěrečnou poznámkou autora Pro domo (s. 359-360); s bibliografií původních vydání statí (s. 361); s úryvkem z lektorského posudku (přední a zadní záložka), autor: Fryčer Jaroslav.
=524  \\$aZATLOUKAL, Antonín: Studie o francouzském románu. Olomouc : Votobia, 1995.
=599  \\$axbibl
=600  17$aFryčer, Jaroslav$d(1932-2006)$7jk01032073$2czenas$1http://viaf.org/viaf/28746999
=600  17$aThibaudet, Albert$d(1874-1936)$7jn20000605304$2czenas$1http://viaf.org/viaf/66474063
=648  \7$a1951-2000$7ch460577$2czenas
=650  04$akritika$xOPRAVA UCL
=650  04$aliterární historie a kritika$xOPRAVA UCL
=650  04$aromány$xOPRAVA UCL
=650  04$ačeská literární historie$xOPRAVA UCL
=650  07$afrancouzská próza$7ph114589$2czenas
=650  07$anaratologie$7ph500243$2czenas
=650  07$aromanistika$7ph125199$2czenas
=650  \7$aNovel$2ELB-g
=650  \7$aFrench literature$2ELB-n
=655  \7$astudie$7fd133597$2czenas
=787  08$aThibaudet, Albert$tRomán a kritika$4soubor statí
=910  \\$aABB060
=964  \\$a02.02.02
=964  \\$a02.05
=964  \\$a03.16.05
=964  \\$a04.07.02
=964  \\$aB80
=995  \\$aČeská Literární Bibliografie
=FMT  BK
=OWN  \\$aUCLA
=SIF  \\$ass

