=LDR  01886nam a22004094a 4500
=001  001557733
=003  CZ\PrUCL
=005  20210309113403.0
=008  170104s1994\\\\xr\\\\\\\\\\\\|||\||cze\d
=035  \\$a(ISIS-B80-ID)B9045958
=035  \\$a(ISIS-B80-MFN)93734
=040  \\$aABB060$bcze
=080  \\$a(093)$2MRF
=245  00$aDokumenty k dějinám Masarykovy univerzity v Brně :$bSv.1. /$ceditoři František X. Halas, František Jordán ; k tisku připravila Jiřina Štouračová ; předmluvu (s. 5-11, datováno 8. 2. 1974) napsal František Jordán.
=260  \\$aBrno :$bMasarykova univerzita,$c1994.
=300  \\$a444 s.
=380  \\$iMajor genre$aLiterature$leng
=381  \\$iMajor genre$aOther$leng
=520  2\$aMasarykova univerzita; soubor dokumentů (101 položek), uspořádaných do oddílů: Snahy o obnovu univerzity; Boje za zřízení druhé české univerzity a paralelní snahy o založení německé univerzity na Moravě; se jmenným a místním rejstříkem.
=524  \\$aHALAS, František X. - JORDÁN, František - ŠTOURAČOVÁ, Jiřina et al.: Dokumenty k dějinám Masarykovy univerzity v Brně : Sv. 1. Předmluvu napsal František Jordán. Brno : Masarykova univerzita, 1994.
=599  \\$axbibl
=610  27$aMasarykova univerzita$7kn20010709056$2czenas
=650  07$adějiny$7ph114390$2czenas
=650  07$auniverzity$7ph126937$2czenas
=651  \7$aBrno (Česko)$7ge134084$2czenas
=655  \7$adokumenty$7fd132064$2czenas
=700  1\$aHalas, František X$d(1937- )$4edt$7jk01033203$1http://viaf.org/viaf/100304037
=700  1\$aJordán, František$4aui$4edt
=700  1\$aŠtouračová, Jiřina$d(1957- )$4red$7mub2011617919$1http://viaf.org/viaf/161210396
=910  \\$aABB060
=964  \\$a02.06
=964  \\$a03.06
=964  \\$aB80
=995  \\$aČeská Literární Bibliografie
=FMT  BK
=OWN  \\$aUCLA
=SIF  \\$ass

