=LDR  03181nam a22005294a 4500
=001  001557734
=003  CZ\PrUCL
=005  20210305134208.0
=008  170104s1995\\\\xr\\\\\\\\\\\\|||\||cze\d
=035  \\$a(ISIS-B80-ID)B9045959
=035  \\$a(ISIS-B80-MFN)93735
=040  \\$aABB060$bcze
=080  \\$a(093)$2MRF
=245  00$aDokumenty k dějinám Masarykovy univerzity v Brně :$bSv.2. /$ceditoři František X. Halas, František Jordán ; k tisku připravila Jiřina Štouračová ; slovo úvodem (s. 3-4) napsal František Jordán.
=260  \\$aBrno :$bVydavatelství Masarykovy univerzity,$c1995.
=300  \\$a356 s.
=380  \\$iMajor genre$aLiterature$leng
=381  \\$iMajor genre$aOther$leng
=520  2\$aMasarykova univerzita; soubor 127 dokumentů navazující na 1. svazek oddílem: Ustavení a budování univerzity včetně bojů o zachování její celistvosti zachycuje především vnitřní vývoj MU od jejího založení (28. 1. 1919) do uzavření českých vysokých škol 17. 11. 1939, zejména boje proti pokusům o její redukci v letech 1925 a 1933-1934, do nichž zasáhli mj. : Novák Arne, Bass Eduard, Trávníček František, Havránek Bohuslav, v anketě časopisu Index (červen 1934) mj. : Mathesius Vilém, Pekař Josef, Šalda František Xaver, Mahen Jiří, Fischer Josef Ludvík.
=524  \\$aHALAS, František X. - JORDÁN, František - ŠTOURAČOVÁ, Jiřina et al.: Dokumenty k dějinám Masarykovy univerzity v Brně : Sv. 2. Slovo úvodem napsal František Jordán. Brno : Vydavatelství Masarykovy univerzity, 1995.
=599  \\$axbibl
=600  17$aBass, Eduard$d(1888-1946)$7jk01011066$2czenas$1http://viaf.org/viaf/41966931
=600  17$aFischer, Josef Ludvík$d(1894-1973)$7jk01031272$2czenas$1http://viaf.org/viaf/37042913
=600  17$aHavránek, Bohuslav$d(1893-1978)$7jk01040418$2czenas$1http://viaf.org/viaf/2483496
=600  17$aMahen, Jiří$d(1882-1939)$7jk01072867$2czenas$1http://viaf.org/viaf/61589020
=600  17$aMathesius, Vilém$d(1882-1945)$7jk01080720$2czenas$1http://viaf.org/viaf/19711875
=600  17$aNovák, Arne$d(1880-1939)$7jk01090346$2czenas$1http://viaf.org/viaf/51814129
=600  17$aPekař, Josef$d(1870-1937)$7jk01092389$2czenas$1http://viaf.org/viaf/29582830
=600  17$aTrávníček, František$d(1888-1961)$7jk01140039$2czenas$1http://viaf.org/viaf/4943815
=600  17$aŠalda, F. X. (František Xaver)$q(František Xaver),$d(1867-1937)$7jk01122425$2czenas$1http://viaf.org/viaf/14783197
=610  27$aMasarykova univerzita$7kn20010709056$2czenas
=650  07$adějiny$7ph114390$2czenas
=650  07$auniverzity$7ph126937$2czenas
=651  \7$aBrno (Česko)$7ge134084$2czenas
=655  \7$adokumenty$7fd132064$2czenas
=700  1\$aHalas, František X$d(1937- )$4edt$7jk01033203$1http://viaf.org/viaf/100304037
=700  1\$aJordán, František$4aui
=700  1\$aŠtouračová, Jiřina$d(1957- )$4red$7mub2011617919$1http://viaf.org/viaf/161210396
=787  08$tIndex$4časopis
=910  \\$aABB060
=964  \\$a02.06
=964  \\$a03.06
=964  \\$aB80
=995  \\$aČeská Literární Bibliografie
=FMT  BK
=OWN  \\$aUCLA
=SIF  \\$ass

