=LDR  02662nam a22006494a 4500
=001  001557735
=003  CZ\PrUCL
=005  20210308153139.0
=008  030113s1996\\\\xr\\\\\\\\\\\\|||\||cze\d
=035  \\$a(ISIS-B80-ID)B9045960
=035  \\$a(ISIS-B80-MFN)93736
=040  \\$aABB060$bcze
=080  \\$a(048.8)$2MRF
=080  \\$a(082)$2MRF
=080  \\$a81:82$2MRF
=245  00$aSvětová literárněvědná bohemistika :$bSv.1. Historie a současný stav. Materiály z 1.kongresu světové literárněvědné bohemistiky. Praha 28.-30.června 1995 /$cslovo úvodem (s. 9-10) napsal Vladimír Macura ; odpovědný redaktor Luboš Merhaut.
=260  \\$aPraha :$bÚstav pro českou literaturu AV ČR,$c1996.
=300  \\$a391 s.
=380  \\$iMajor genre$aSecondary literature$leng
=380  \\$iMajor genre$aLiterature$leng
=381  \\$iMajor genre$aOther$leng
=490  1\$aEdice K
=524  \\$aMACURA, Vladimír - MERHAUT, Luboš: Světová literárněvědná bohemistika : Sv. 1. Historie a současný stav. Materiály z 1. kongresu světové literárněvědné bohemistiky. Praha 28. -30. června 1995. Odpovědný redaktor Luboš Merhaut. Praha : Ústav pro českou literaturu AV ČR, 1996.
=599  \\$axbibl
=650  04$adějiny literatury$xOPRAVA UCL
=650  04$aliterarní archivy a muzea$xOPRAVA UCL
=650  04$aliterární bibliografie a různé soupisy$xOPRAVA UCL
=650  04$aliterárněvědné konference$xOPRAVA UCL
=650  04$aspisovatelské a literárněvědné organizace$xOPRAVA UCL
=650  04$avztahy české literatury ke světové literatuře$xOPRAVA UCL
=650  07$abohemistika$7ph118949$2czenas
=650  07$adějiny české literatury$7ph483973$2czenas
=650  07$ajazyk a literatura$7ph698074$2czenas
=650  07$aknihovny$7ph114926$2czenas
=650  07$aslavistika$7ph116178$2czenas
=650  07$auniverzity$7ph126937$2czenas
=650  \7$aCzech literature$2ELB-n
=655  \7$asborníky$7fd163935$2czenas
=655  \7$astudie$7fd133597$2czenas
=700  1\$aMacura, Vladimír$d(1945-1999)$4aui$7jk01072821$1http://viaf.org/viaf/115858496
=700  1\$aMerhaut, Luboš$d(1961- )$4pbd$7jn20010601384$1http://viaf.org/viaf/15062981
=710  2\$aÚstav pro českou literaturu (Akademie věd ČR)$1http://viaf.org/viaf/153776370
=830  \0$aEdice K
=910  \\$aABB060
=964  \\$a02.06
=964  \\$a02.10.01
=964  \\$a02.10.02
=964  \\$a02.12.01
=964  \\$a02.12.02
=964  \\$a03.01
=964  \\$a04.00.05
=964  \\$a04.00.08
=964  \\$aB80
=995  \\$aČeská Literární Bibliografie
=FMT  BK
=OWN  \\$aUCLA
=SIF  \\$ass

