=LDR  05128nam a22007094a 4500
=001  001557736
=003  CZ\PrUCL
=005  20191219215343.0
=008  170104s1996\\\\xr\\\\\\\\\\\\|||\||cze\d
=035  \\$a(ISIS-B80-ID)B9045961
=035  \\$a(ISIS-B80-MFN)93737
=040  \\$aABB060$bcze
=080  \\$a(048.8)$2MRF
=080  \\$a(082)$2MRF
=245  00$aSvětová literárněvědná bohemistika :$bSv.1. Historie a současný stav. Materiály z 1.kongresu světové literárněvědné bohemistiky. Praha 28.-30.června 1995 /$cslovo úvodem (s. 9-10) napsal Vladimír Macura ; odpovědný redaktor Luboš Merhaut.
=260  \\$aPraha :$bÚstav pro českou literaturu AV ČR,$c1996.
=300  \\$a391 s.
=380  \\$iMajor genre$aSecondary literature$leng
=380  \\$iMajor genre$aLiterature$leng
=381  \\$iMajor genre$aOther$leng
=490  1\$aEdice K
=520  2\$aSoubor příspěvků: Katedra české a slovenské literatury a literární vědy na Filozofické fakultě Masarykovy univerzity v Brně (s. 302-312, se soupisem nejdůležitějších knižních publikací od roku 1989); Literárněvědná bohemistika na Pedagogické fakultě Jihočeské univerzity v Českých Budějovicích (s. 313-315, včetně výběrové bibliografie členů katedry); Fiala Jiří, Literárněvědná bohemistika na Filozofické fakultě Univerzity Palackého v Olomouci (1946-1995), s. 316-322, s bibliografií (s. 322-329); Katedra české literatury, literární vědy a dějin umění Filozofické fakulty Ostravské univerzity (s. 330, s bibliografií, s. 330-333); Haman Aleš, Profil katedry bohemistiky na Pedagogické fakultě Západočeské univerzity v Plzni (s. 334-335); Hošna Jiří - Špirit Michael, Katedra české literatury a literární vědy na Filozofické fakultě Univerzity Karlovy v Praze (s. 336-338, s výběrovou bibliografií členů katedry, s. 338-343); Hrabáková Jaroslava - Křivánek Vladimír, Katedra české literatury Pedagogické fakulty Univerzity Karlovy (s. 344-350, s bibliografií, s. 350-351); Pokorná Zuzana, Literární archív jako pramen literárněvědného bádání (s. 352-353, s výběrovým soupisem akcí realizovaných v: Památník národního písemnictví v letech 1992-1995, s. 354); Moldanová Dobrava, Literárněvědná bohemistika na Pedagogické fakultě Univerzity J. E. Purkyně v Ústí nad Labem (s. 385, se soupisem Literárněvědné publikace a skripta vydané na katedře bohemistiky, s. 386); - příspěvky zahraničních bohemistů viz samostatný záznam; jako zvláštní záznam jsou zpracovány též příspěvky vztahující se k: Ústav pro českou literaturu Akademie věd České republiky.
=524  \\$aMACURA, Vladimír - MERHAUT, Luboš: Světová literárněvědná bohemistika : Sv. 1. Historie a současný stav. Materiály z 1. kongresu světové literárněvědné bohemistiky. Praha 28. -30. června 1995. Odpovědný redaktor Luboš Merhaut. Praha : Ústav pro českou literaturu AV ČR, 1996.
=599  \\$axbibl
=600  17$aFiala, Jiří$d(1944- )$7jn19981001072$2czenas$1http://viaf.org/viaf/83983535
=600  17$aHaman, Aleš$d(1932- )$7jk01033270$2czenas$1http://viaf.org/viaf/120728624
=600  17$aHošna, Jiří$d(1950- )$7kpwa6238$2czenas$1http://viaf.org/viaf/27105714
=600  17$aHrabáková, Jaroslava$d(1929-2017)$7jk01042560$2czenas$1http://viaf.org/viaf/83740187
=600  17$aKřivánek, Vladimír$d(1951- )$7jk01070112$2czenas$1http://viaf.org/viaf/39789058
=600  17$aMoldanová, Dobrava$d(1936- )$7jk01081985$2czenas$1http://viaf.org/viaf/93283521
=600  17$aPokorná, Zuzana$d(1948- )$7mzk2003187822$2czenas$1http://viaf.org/viaf/84551255
=600  17$aŠpirit, Michael$d(1965- )$7jn20001103589$2czenas$1http://viaf.org/viaf/51843919
=610  27$aPamátník národního písemnictví$7kn20010709087$2czenas
=610  27$aÚstav pro českou literaturu (Akademie věd ČR)$7kn20010709013$2czenas
=648  \7$a20. století$7ch460558$2czenas
=650  04$aliterární bibliografie a různé soupisy
=650  04$aliterárněvědné konference
=650  04$aspisovatelské a literárněvědné organizace
=650  04$aučebnice, slovníky a příručky
=650  04$ačeská literární historie
=650  07$abohemistika$7ph118949$2czenas
=650  07$adějiny české literatury$7ph483973$2czenas
=650  07$auniverzity$7ph126937$2czenas
=650  \7$aCzech literature$2ELB-n
=655  \7$asborníky$7fd163935$2czenas
=655  \7$astudie$7fd133597$2czenas
=700  1\$aMacura, Vladimír$d(1945-1999)$4aui$7jk01072821$1http://viaf.org/viaf/115858496
=700  1\$aMerhaut, Luboš$d(1961- )$4pbd$7jn20010601384$1http://viaf.org/viaf/15062981
=710  2\$aÚstav pro českou literaturu (Akademie věd ČR)$1http://viaf.org/viaf/153776370
=830  \0$aEdice K
=910  \\$aABB060
=964  \\$a02.10.01
=964  \\$a02.10.02
=964  \\$a02.12.01
=964  \\$a02.12.04
=964  \\$a03.01
=964  \\$a03.05.05
=964  \\$aB80
=995  \\$aČeská Literární Bibliografie
=FMT  BK
=OWN  \\$aUCLA
=SIF  \\$ass

