=LDR  03502nam a22006134a 4500
=001  001557737
=003  CZ\PrUCL
=005  20190405141050.0
=008  170104s1996\\\\xr\\\\\\\\\\\\|||\||cze\d
=035  \\$a(ISIS-B80-ID)B9045962
=035  \\$a(ISIS-B80-MFN)93738
=040  \\$aABB060$bcze
=080  \\$a(048.8)$2MRF
=080  \\$a(082)$2MRF
=245  00$aSvětová literárněvědná bohemistika :$bSv.1. Historie a současný stav. Materiály z 1.kongresu světové literárněvědné bohemistiky. Praha 28.-30.června 1995 /$cslovo úvodem (s. 9-10) napsal Vladimír Macura ; odpovědný redaktor Luboš Merhaut.
=260  \\$aPraha :$bÚstav pro českou literaturu AV ČR,$c1996.
=300  \\$a391 s.
=380  \\$iMajor genre$aSecondary literature$leng
=380  \\$iMajor genre$aLiterature$leng
=381  \\$iMajor genre$aOther$leng
=490  1\$aEdice K
=520  2\$aÚstav pro českou literaturu Akademie věd České republiky (s. 355-384), s příspěvky: Havel Rudolf (1911-1993), Vznik Ústavu pro českou literaturu a první období jeho činnosti (s. 355-362); Pešat Zdeněk, Ústav pro českou literaturu v letech 1948-1995 (s. 362-365); Macura Vladimír, Ústav pro českou literaturu po listopadu 1989 (s. 366-369); Šisler Petr, Struktura a činnost ústavu, konference a bibliografie (s. 369-384); - jako samostatný záznam byly zpracovány příspěvky zahraničních účastníků konference mapující stav literárněvědné bohemistiky ve světě a do dalšího samostatného záznamu byly pojaty referáty zástupců českých a moravských literárněvědných pracovišť.
=524  \\$aMACURA, Vladimír - MERHAUT, Luboš: Světová literárněvědná bohemistika : Sv. 1. Historie a současný stav. Materiály z 1. kongresu světové literárněvědné bohemistiky. Praha 28. -30. června 1995. Odpovědný redaktor Luboš Merhaut. Praha : Ústav pro českou literaturu AV ČR, 1996.
=599  \\$axbibl
=600  17$aHavel, Rudolf$d(1911-1993)$7jk01040236$2czenas$1http://viaf.org/viaf/2520675
=600  17$aMacura, Vladimír$d(1945-1999)$7jk01072821$2czenas$1http://viaf.org/viaf/115858496
=600  17$aPešat, Zdeněk$d(1927-2010)$7jk01092631$2czenas$1http://viaf.org/viaf/56647725
=600  17$aŠisler, Petr$d(1949- )$7xx0070987$2czenas$1http://viaf.org/viaf/85762232
=610  27$aÚstav pro českou literaturu (Akademie věd ČR)$7kn20010709013$2czenas
=648  \4$a1901-2000$xOPRAVA UCL
=650  04$aliterární bibliografie a různé soupisy$xOPRAVA UCL
=650  04$aliterárněvědné konference$xOPRAVA UCL
=650  04$aspisovatelské a literárněvědné organizace$xOPRAVA UCL
=650  04$ačeská literární historie$xOPRAVA UCL
=650  07$abohemistika$7ph118949$2czenas
=650  07$adějiny české literatury$7ph483973$2czenas
=650  \7$aCzech literature$2ELB-n
=655  \7$asborníky$7fd163935$2czenas
=655  \7$astudie$7fd133597$2czenas
=700  1\$aMacura, Vladimír$d(1945-1999)$4aui$7jk01072821$1http://viaf.org/viaf/115858496
=700  1\$aMerhaut, Luboš$d(1961- )$4pbd$7jn20010601384$1http://viaf.org/viaf/15062981
=710  2\$aÚstav pro českou literaturu (Akademie věd ČR)$1http://viaf.org/viaf/153776370
=830  \0$aEdice K
=910  \\$aABB060
=964  \\$a02.10.01
=964  \\$a02.10.02
=964  \\$a02.12.01
=964  \\$a03.01
=964  \\$a03.05.05
=964  \\$aB80
=995  \\$aČeská Literární Bibliografie
=FMT  BK
=OWN  \\$aUCLA
=SIF  \\$ass

