=LDR  04931nam a22006974a 4500
=001  001557738
=003  CZ\PrUCL
=005  20210218122504.0
=008  170104s1996\\\\xr\\\\\\\\\\\\|||\||cze\d
=035  \\$a(ISIS-B80-ID)B9045963
=035  \\$a(ISIS-B80-MFN)93739
=040  \\$aABB060$bcze
=080  \\$a(048.8)$2MRF
=080  \\$a(082)$2MRF
=245  00$aSvětová literárněvědná bohemistika :$bSv. 2. Úvahy a studie o české literatuře. Materiály z 1. kongresu světové literárněvědné bohemistiky. Praha 28.-30. června 1995 /$codpovědný redaktor Luboš Merhaut.
=260  \\$aPraha :$bÚstav pro českou literaturu AV ČR,$c1996.
=300  \\$aS. 393-795.
=380  \\$iMajor genre$aSecondary literature$leng
=380  \\$iMajor genre$aLiterature$leng
=381  \\$iMajor genre$aOther$leng
=490  1\$aEdice K
=520  2\$aSoubor příspěvků: Grygar Mojmír (Univerzita Palackého, Olomouc / Universiteit, Amsterdam), O specifičnosti české literatury (s. 397-408); French Alfred (University of Adelaide), Česká literatura v zahraničí (s. 409-413, přeložila: Kadlečíková Marta); Heéová Veronika (Univerzita Loránda Eötvöse, Budapest), Situace, možnosti a meze činnosti literáta-bohemisty v zahraničí (s. 414-416); Bugge Peter (Arhus Universitet), Česká literatura na zahraniční univerzitě (Úvaha pedagogická), s. 417-423; Jiroušek Jan (Universität München), Pragmatické problémy bohemistiky (s. 424-431); Měšťan Antonín (Slovanský ústav AV ČR, Praha), Čím se - bohužel - literárněvědná bohemistika nezabývá (s. 432-440); Moldanová Dobrava (Univerzita J. E. Purkyně, Ústí nad Labem), Zamyšlení nad některými problémy současné literárněvědné bohemistiky (s. 441-443); Plánská Božena (Vysoká škola pedagogická, Hradec Králové), Několik poznámek ke vzájemné inspiraci literární vědy a literární výchovy (s. 444-447); Sieglová Naděžda (Masarykova univerzita, Brno), Literatura pro mládež jako součást literárněvědné bohemistiky (Několik reflexí), s. 448-452; se závěrečnými poznámkami (Program kongresu, Přednášející a autoři textů, Překladatelé, Ediční poznámka {s. 751-752, napsal: Merhaut Luboš}, Vydavatelská poznámka {s. 752, o nezařazení příspěvku: Dierna G., napsal: Macura Vladimír, s. 745-752; s rejstříkem (s. 753-790, pro oba svazky); - ostatní příspěvky tohoto svazku viz samostatné záznamy.
=524  \\$aMERHAUT, Luboš: Světová literárněvědná bohemistika : Sv. 2. Úvahy a studie o české literatuře. Materiály z 1. kongresu světové literárněvědné bohemistiky. Praha 28. -30. června 1995. Praha : Ústav pro českou literaturu AV ČR, 1996.
=599  \\$axbibl
=600  14$aMěšťan, Antonín$xOPRAVA UCL
=600  17$aBugge, Peter$d(1960- )$7mzk20191038556$2czenas$1http://viaf.org/viaf/114968902
=600  17$aDierna, Giuseppe$d(1954- )$7jn20000710025$2czenas$1http://viaf.org/viaf/233005717
=600  17$aFrench, Alfred$q(Alfred),$d(1916-1997)$7jn19990216050$2czenas$1http://viaf.org/viaf/87697716
=600  17$aGrygar, Mojmír$d(1928- )$7jk01032812$2czenas$1http://viaf.org/viaf/262164338
=600  17$aHeé, Veronika$d(1946- )$7mzk2012714712$2czenas$1http://viaf.org/viaf/294727368
=600  17$aJiroušek, Jan$7xx0057755$2czenas$1http://viaf.org/viaf/14153713817158661609
=600  17$aKadlečíková, Marta$d(1935-1996)$7jk01052476$2czenas$1http://viaf.org/viaf/59302588
=600  17$aMacura, Vladimír$d(1945-1999)$7jk01072821$2czenas$1http://viaf.org/viaf/115858496
=600  17$aMerhaut, Luboš$d(1961- )$7jn20010601384$2czenas$1http://viaf.org/viaf/15062981
=600  17$aMoldanová, Dobrava$d(1936- )$7jk01081985$2czenas$1http://viaf.org/viaf/93283521
=600  17$aPlánská, Božena$d(1943-2020)$7xx0007956$2czenas$1http://viaf.org/viaf/85355294
=600  17$aSieglová, Naděžda$d(1944- )$7jk01111280$2czenas$1http://viaf.org/viaf/42252207
=648  \7$a1991-2000$7ch460587$2czenas
=650  04$avztahy české literatury ke světové literatuře$xOPRAVA UCL
=650  07$abohemistika$7ph118949$2czenas
=650  07$adějiny české literatury$7ph483973$2czenas
=650  07$aliterární historie$7ph122385$2czenas
=650  07$asympozia$7ph870431$2czenas
=650  07$auniverzity$7ph126937$2czenas
=650  \7$aCzech literature$2ELB-n
=655  \7$asborníky$7fd163935$2czenas
=655  \7$astudie$7fd133597$2czenas
=700  1\$aMerhaut, Luboš$d(1961- )$4pbd$7jn20010601384$1http://viaf.org/viaf/15062981
=710  2\$aÚstav pro českou literaturu (Akademie věd ČR)$1http://viaf.org/viaf/153776370
=830  \0$aEdice K
=910  \\$aABB060
=964  \\$a02.10.02
=964  \\$a03.01
=964  \\$a03.15.05
=964  \\$a04.00.05
=964  \\$a04.00.08
=964  \\$aB80
=995  \\$aČeská Literární Bibliografie
=FMT  BK
=OWN  \\$aUCLA
=SIF  \\$ass

