=LDR  01493nam a22004094a 4500
=001  001558293
=003  CZ\PrUCL
=005  20200721125538.0
=008  151202s1990\\\\xr\\\\\\\\\\\\|||\||cze\d
=035  \\$a(ISIS-B80-ID)B9046593
=035  \\$a(ISIS-B80-MFN)94294
=040  \\$aABB060$bcze
=080  \\$a(082)$2MRF
=245  00$aLidové noviny 1988 /$cpředmluva Jiří Hanák.
=260  \\$aPraha :$bLidové noviny :$bStátní nakladatelství technické literatury,$c1990.
=300  \\$a288 s.
=380  \\$iMajor genre$aLiterature$leng
=381  \\$iMajor genre$aOther$leng
=520  2\$aSouborné faksimilové vydání samizdatového ročníku 1, 1988, č. 1-12.
=524  \\$aHANÁK, Jiří: Lidové noviny 1988. Praha : Lidové noviny : Státní nakladatelství technické literatury, 1990.
=599  \\$axbibl
=648  \7$a1981-1990$7ch460586$2czenas
=650  04$aliterární časopisy a sborníky$xOPRAVA UCL
=650  07$ačeská literatura$7ph116858$2czenas
=650  \7$aCzech literature$2ELB-n
=655  \7$asborníky$7fd163935$2czenas
=700  1\$aHanák, Jiří$d(1938-2020)$4aui$7jk01033352$1http://viaf.org/viaf/9434621
=710  2\$aLidové noviny$1http://viaf.org/viaf/6277149296205980670007
=710  2\$aStátní nakladatelství technické literatury$1http://viaf.org/viaf/133044104
=910  \\$aABB060
=964  \\$a02.11
=964  \\$a03.14
=964  \\$aB80
=995  \\$aČeská Literární Bibliografie
=FMT  BK
=OWN  \\$aUCLA
=SIF  \\$afk

