=LDR  01430nam a22003974a 4500
=001  001558294
=003  CZ\PrUCL
=008  170104s1990\\\\xr\\\\\\\\\\\\|||\||cze\d
=035  \\$a(ISIS-B80-ID)B9046594
=035  \\$a(ISIS-B80-MFN)94295
=040  \\$aABB060$bcze
=080  \\$a(082)$2MRF
=245  00$aLidové noviny 1989
=260  \\$aPraha :$bLidové noviny :$bStátní nakladatelství technické literatury,$c1990
=300  \\$a304 s.
=380  \\$iMajor genre$aLiterature$leng
=381  \\$iMajor genre$aOther$leng
=506  \\$aČ.12, prosinec 1989 bylo první běžně rozšiřované, "nesamizdatové" číslo LN.
=520  2\$aSouborné faksimilové vydání samizdatového ročníku 2, 1989, č. 1-12.
=524  \\$aLidové noviny 1989. Praha : Lidové noviny : Státní nakladatelství technické literatury, 1990.
=599  \\$axbibl
=648  \7$a1981-1990$7ch460586$2czenas
=650  04$aliterární časopisy a sborníky$xOPRAVA UCL
=650  07$ačeská literatura$7ph116858$2czenas
=650  \7$aCzech literature$2ELB-n
=655  \7$asborníky$7fd163935$2czenas
=710  2\$aLidové noviny$1http://viaf.org/viaf/6277149296205980670007
=710  2\$aStátní nakladatelství technické literatury$1http://viaf.org/viaf/133044104
=910  \\$aABB060
=964  \\$a02.11
=964  \\$a03.14
=964  \\$aB80
=995  \\$aČeská Literární Bibliografie
=FMT  BK
=OWN  \\$aUCLA
=SIF  \\$afk

