=LDR  03003nam a22006854a 4500
=001  001558341
=003  CZ\PrUCL
=005  20210315201048.0
=008  170104s1995\\\\xr\\\\\\\\\\\\|||\||cze\d
=035  \\$a(ISIS-B80-ID)B9047001
=035  \\$a(ISIS-B80-MFN)94342
=040  \\$aABB060$bcze
=041  1\$acze$hfre
=080  \\$a(048.8)$2MRF
=080  \\$a(0:82-4)$2MRF
=100  1\$aCarrière, Jean-Claude$d(1931-2021)$7jo2005267872$4aut$1http://viaf.org/viaf/36915864
=245  10$aVyprávět příběh /$cJean-Claude Carriere ; z francouzských originálů Scénariste ou le voyage a Bruxelles (Revue Belge du Cinéma 1986), Raconter une histoire (FEMIS 1993) přeložili Tereza Brdečková, Jiří Dědeček ; úvodní slovo (s. 9) napsal Miloš Forman ; doslov (s. 203-207) napsala Tereza Brdečková ; ediční poznámku (s. 199-201) napsal Jan Lukeš.
=260  \\$aPraha :$bNárodní filmový archiv,$c1995.
=300  \\$a213 s.
=380  \\$iMajor genre$aSecondary literature$leng
=380  \\$iMajor genre$aLiterature$leng
=381  \\$iMajor genre$aOther$leng
=490  1\$aKnihovna Iluminace ;$vsv. 6
=520  2\$aEsejisticky pojaté přednášky, určené původně pro studenty scenáristiky; se soupisem díla J. -C. C. (s. 189-197).
=524  \\$aCARRIÈRE, Jean-Claude - BRDEČKOVÁ, Tereza - DĚDEČEK, Jiří et al.: Vyprávět příběh. Ediční poznámku napsal Jan Lukeš. Praha : Národní filmový archiv, 1995.
=599  \\$axbibl
=600  17$aCarrière, Jean-Claude$d(1931-2021)$7jo2005267872$2czenas$1http://viaf.org/viaf/36915864
=650  04$aučebnice, slovníky a příručky
=650  07$abibliografie$7ph118867$2czenas
=650  07$adivadelní věda$7ph162913$2czenas
=650  07$afilm a literatura$7ph120181$2czenas
=650  07$afilm$7ph114534$2czenas
=650  07$afilmová scenáristika$7ph120187$2czenas
=650  07$afilmové scénáře$7ph120202$2czenas
=650  07$afrancouzské drama$7ph120369$2czenas
=650  07$aliterární teorie$7ph116427$2czenas
=650  07$aosobnosti$7ph115615$2czenas
=650  \7$aFrench literature$2ELB-n
=650  \7$aDrama$2ELB-g
=655  \7$aeseje$7fd132213$2czenas
=655  \7$astudie$7fd133597$2czenas
=700  1\$aBrdečková, Tereza$d(1957- )$4aft$4trl$7jn20000400259$1http://viaf.org/viaf/11911520
=700  1\$aForman, Miloš$d(1932-2018)$4aui$7jk01031567$1http://viaf.org/viaf/112401195
=700  1\$aLukeš, Jan$d(1950- )$4edt$7jk01072622$1http://viaf.org/viaf/28457609
=700  1\$aĎedeček, Jiří$d(1953- )$4trl$7jn19990209139$1http://viaf.org/viaf/74261420
=710  2\$aNárodní filmový archív$1http://viaf.org/viaf/135160185
=830  \0$aKnihovna Iluminace
=910  \\$aABB060
=964  \\$a02.02.03
=964  \\$a02.06
=964  \\$a02.12.01
=964  \\$a02.12.04
=964  \\$a04.07.03
=964  \\$a04.07.04
=964  \\$a05
=964  \\$aB80
=995  \\$aČeská Literární Bibliografie
=FMT  BK
=OWN  \\$aUCLA
=SIF  \\$ass

