=LDR  01834nam a22003974a 4500
=001  001558342
=003  CZ\PrUCL
=008  170104s1995\\\\xr\\\\\\\\\\\\|||\||cze\d
=035  \\$a(ISIS-B80-ID)B9047002
=035  \\$a(ISIS-B80-MFN)94343
=040  \\$aABB060$bcze
=080  \\$a(01)$2MRF
=245  00$aSoupis publikační činnosti členů katedry českého jazyka Pedagogické fakulty Západočeské univerzity v Plzni :$b1980-1992 /$cna základě bibliografických soupisů pořízených členy katedry českého jazyka Pedagogické fakulty v Plzni a Pedagogické fakulty Západočeské univerzity v Plzni zpracoval a Předmluvu (s. 4-6) napsal Lumír Klimeš
=260  \\$aPlzeň :$bPedagogická fakulta Západočeské univerzity,$c1995
=300  \\$a104 s.
=380  \\$iMajor genre$aSecondary literature$leng
=520  2\$aSoupis (356 položek), řazený abecedně podle autorů; se seznamem excerpovaných základních pramenů, s rejstříkem.
=524  \\$aKLIMEŠ, Lumír: Soupis publikační činnosti členů katedry českého jazyka Pedagogické fakulty Západočeské univerzity v Plzni : 1980-1992. Plzeň : Pedagogická fakulta Západočeské univerzity, 1995.
=599  \\$axbibl
=648  \7$a1981-1990$7ch460586$2czenas
=648  \7$a1991-2000$7ch460587$2czenas
=650  04$aliterární bibliografie a různé soupisy$xOPRAVA UCL
=650  04$ačeská literární historie$xOPRAVA UCL
=650  07$auniverzity$7ph126937$2czenas
=651  \4$aPlzeň$xOPRAVA UCL
=655  \7$abibliografie$7fd131898$2czenas
=700  1\$aKlimeš, Lumír$d(1924-2010)$4edt$4aui$7jk01060586$1http://viaf.org/viaf/2885971
=910  \\$aABB060
=964  \\$a02.12.01
=964  \\$a03.14.05
=964  \\$a03.15.05
=964  \\$aB80
=995  \\$aČeská Literární Bibliografie
=FMT  BK
=OWN  \\$aUCLA
=SIF  \\$ass

