=LDR  01461nam a22003854a 4500
=001  001558343
=003  CZ\PrUCL
=005  20210305133528.0
=008  170104s1995\\\\xr\\\\\\\\\\\\|||\||cze\d
=035  \\$a(ISIS-B80-ID)B9047003
=035  \\$a(ISIS-B80-MFN)94344
=040  \\$aABB060$bcze
=080  \\$a(035)$2MRF
=080  \\$a(048.8)$2MRF
=100  1\$aBeneš, Zdeněk$d(1952- )$7jn20000400136$4aut$1http://viaf.org/viaf/7518438
=245  10$aHistorický text a historická kultura /$cZdeněk Beneš.
=260  \\$aPraha :$bUniverzita Karlova, vydavatelství Karolinum pro Ústav dějin Univerzity Karlovy a archiv UK,$c1995.
=300  \\$a224 s.
=380  \\$iMajor genre$aSecondary literature$leng
=520  2\$aS předmluvou a s oddíly: Výzkum nebo disciplína?; Historický text; Historická kultura; Průhledy a výhledy (namísto závěru); se seznamem pramenů a literatury.
=524  \\$aBENEŠ, Zdeněk: Historický text a historická kultura. Praha : Univerzita Karlova, vydavatelství Karolinum pro Ústav dějin Univerzity Karlovy a archiv UK, 1995.
=599  \\$axbibl
=650  07$adějiny$7ph114390$2czenas
=650  07$ahistoriografie$7ph114672$2czenas
=655  \7$apříručky$7fd133209$2czenas
=655  \7$astudie$7fd133597$2czenas
=910  \\$aABB060
=964  \\$a01
=964  \\$a02.06
=964  \\$a02.12.04
=964  \\$aB80
=995  \\$aČeská Literární Bibliografie
=FMT  BK
=OWN  \\$aUCLA
=SIF  \\$ass

