=LDR  02249nam a22004814a 4500
=001  001558344
=003  CZ\PrUCL
=008  170104s1995\\\\xr\\\\\\\\\\\\|||\||cze\d
=035  \\$a(ISIS-B80-ID)B9047004
=035  \\$a(ISIS-B80-MFN)94345
=040  \\$aABB060$bcze
=080  \\$a(01)$2MRF
=080  \\$a(048.8)$2MRF
=245  00$aČeské krajanské a exilové noviny a časopisy po roce 1945 /$czpracoval Michal Přibáň
=260  \\$aOlomouc :$bCentrum pro československá exilová studia a Michal Přibáň,$c1995
=300  \\$a196 s.
=380  \\$iMajor genre$aSecondary literature$leng
=520  2\$aS úvodem a s oddíly: Český exil a jeho časopisy - náčrt vývoje (Časopisy českého exilu v letech 1948-1956, Časopisy českého exilu v letech 1956-1968, Sedmdesátá léta v exilu, Osmdesátá léta v exilu, Devadesátá léta a vývoj českých periodik ve světě), s. 11-33; České krajanské a exilové časopisy v jednotlivých zemích (Evropa, Severní Amerika, Jižní Amerika, Afrika, Austrálie a Nový Zéland), s. 34-51; Soupis českojazyčných krajanských a exilových časopisů (s. 52-180); s výběrovou bibliografií, s rejstříkem.
=524  \\$aPŘIBÁŇ, Michal: České krajanské a exilové noviny a časopisy po roce 1945. Olomouc : Centrum pro československá exilová studia a Michal Přibáň, 1995.
=599  \\$axbibl
=648  \7$a1941-1950$7ch460582$2czenas
=648  \7$a1951-2000$7ch460577$2czenas
=650  04$aliterární bibliografie a různé soupisy$xOPRAVA UCL
=650  04$aliterární časopisy a sborníky$xOPRAVA UCL
=650  04$aučebnice, slovníky a příručky$xOPRAVA UCL
=650  07$aexil$7ph120088$2czenas
=650  07$akrajané$7ph832291$2czenas
=650  07$ačeská literatura$7ph116858$2czenas
=650  \7$aCzech literature$2ELB-n
=655  \7$abibliografie$7fd131898$2czenas
=655  \7$astudie$7fd133597$2czenas
=700  1\$aPřibáň, Michal$d(1966- )$4edt$7jn20001005206$1http://viaf.org/viaf/10133924
=910  \\$aABB060
=964  \\$a02.11
=964  \\$a02.12.01
=964  \\$a02.12.04
=964  \\$a03.10
=964  \\$a03.16
=964  \\$aB80
=995  \\$aČeská Literární Bibliografie
=FMT  BK
=OWN  \\$aUCLA
=SIF  \\$ass

