=LDR  01704nam a22004454a 4500
=001  001558345
=003  CZ\PrUCL
=005  20210308153237.0
=008  170104s1996\\\\xr\\\\\\\\\\\\|||\||cze\d
=035  \\$a(ISIS-B80-ID)B9047005
=035  \\$a(ISIS-B80-MFN)94346
=040  \\$aABB060$bcze
=080  \\$a(035)$2MRF
=080  \\$a82:72/76$2MRF
=100  1\$aMathausová, Milena$7jk01080714$4aut$1http://viaf.org/viaf/83822065
=245  10$a12 pádů scenáristiky :$b(Scenáristický slabikář.) /$cMilena Mathausová ; úvod (s. 7-8) napsal Oldřich Železný.
=260  \\$aPraha :$bVictoria Publishing,$c1996.
=300  \\$a167 s.
=380  \\$iMajor genre$aSecondary literature$leng
=520  2\$aUčebnice scenáristiky, s příklady z českých i světových filmových i televizních scénářů; s výběrovým soupisem literatury.
=524  \\$aMATHAUSOVÁ, Milena - ŽELEZNÝ, Oldřich: 12 pádů scenáristiky : (Scenáristický slabikář. ). Úvod napsal Oldřich Železný. Praha : Victoria Publishing, 1996.
=599  \\$axbibl
=650  04$ascénáře$xOPRAVA UCL
=650  04$aseriály$xOPRAVA UCL
=650  04$ateatrologie$xOPRAVA UCL
=650  04$aučebnice, slovníky a příručky$xOPRAVA UCL
=650  07$afilm$7ph114534$2czenas
=650  07$aliteratura a umění$7ph115156$2czenas
=650  07$atelevize$7ph126505$2czenas
=655  \7$apříručky$7fd133209$2czenas
=700  1\$aŽelezný, Oldřich$d(1926-2006)$4aui$7jk01153092$1http://viaf.org/viaf/83978482
=910  \\$aABB060
=964  \\$a02.02.03
=964  \\$a02.06
=964  \\$a02.12.04
=964  \\$aB80
=995  \\$aČeská Literární Bibliografie
=FMT  BK
=OWN  \\$aUCLA
=SIF  \\$ass

