=LDR  01319nam a22004094a 4500
=001  001558346
=003  CZ\PrUCL
=005  20200427161040.0
=008  170104s1996\\\\xr\\\\\\\\\\\\|||\||cze\d
=015  \\$acnb000118714
=020  \\$a80-85573-65-2
=035  \\$a(ISIS-B80-ID)B9047006
=035  \\$a(ISIS-B80-MFN)94347
=040  \\$aABB060$bcze
=072  \7$a821-1/-8$xLiteratura různých forem a žánrů$2Konspekt$925
=080  \\$a(082)$2MRF
=245  00$aMoudří stále mezi námi :$b2600 aforismů /$cvybral a usp. Jan Jílek.
=260  \\$aPraha :$bTrizonia,$c1996.
=300  \\$a286 s.
=380  \\$iMajor genre$aLiterature$leng
=381  \\$iMajor genre$aOther$leng
=520  2\$aSoubor aforismů českých i světových autorů od starověku do současnosti; s rejstříkem.
=524  \\$aJÍLEK, Jan: Moudří stále mezi námi : 2600 aforismů. Praha : Trizonia, 1996.
=599  \\$axbibl
=650  07$aaforismy$7ph118277$2czenas
=650  07$acitáty$7ph119246$2czenas
=655  \7$asborníky$7fd163935$2czenas
=700  1\$aJílek, Jan$4com$xOPRAVA UCL
=710  2\$aTrizonia$1http://viaf.org/viaf/29167079228758301654
=910  \\$aABB060
=964  \\$a03.01
=964  \\$a04
=964  \\$aB80
=995  \\$aČeská Literární Bibliografie
=FMT  BK
=OWN  \\$aUCLA
=SIF  \\$ass

