=LDR  02226nam a22004334a 4500
=001  001558347
=003  CZ\PrUCL
=005  20210305133424.0
=008  090211s1996\\\\xr\\\\\\\\\\\\|||\||cze\d
=035  \\$a(ISIS-B80-ID)B9047007
=035  \\$a(ISIS-B80-MFN)94348
=040  \\$aABB060$bcze
=080  \\$a(048.8)$2MRF
=100  1\$aVašíček, Zdeněk$d(1933-2011)$7jk01141688$4aut$1http://viaf.org/viaf/19732498
=245  10$aObrazy (minulosti) :$bO bytí, poznání a podání minulého času /$cZdeněk Vašíček ; závěrečný oddíl z francouzského originálu L'Archéologie, L'Histoire, Le Passé (Kronos B. Y. Edition, 1994) přeložil a slovo Úvodem (k českému vydání), s. 7-9, napsal Zdeněk Vašíček ; doslov Archeologie historie z prehistorie obrazu (s. 132-140) napsal Miroslav Petříček.
=260  \\$aPraha :$bProstor,$c1996.
=300  \\$a142 s.
=380  \\$iMajor genre$aSecondary literature$leng
=490  1\$aStřed ;$vsv. 12
=520  2\$aS oddíly: Historie jako příběh (Úrovně komunikace, Folklorní a epické podání, Literární podání, Kauzalita v jednání a v příběhu, Narativní vysvětlení), s. 13-30; Historie jako rámec minula (s. 31-46); Obraz minulosti (s. 47-104); s poznámkovým aparátem (s. 105-129), se soupisem základní literatury.
=524  \\$aVAŠÍČEK, Zdeněk - VAŠÍČEK, Zdeněk - PETŘÍČEK, Miroslav et al.: Obrazy (minulosti) : O bytí, poznání a podání minulého času. Doslov Archeologie historie z prehistorie obrazu napsal Miroslav Petříček. Praha : Prostor, 1996.
=599  \\$axbibl
=650  07$adějiny$7ph114390$2czenas
=650  07$ahistoriografie$7ph114672$2czenas
=650  07$aliteratura a dějiny$7ph367699$2czenas
=650  07$avyprávění$7ph117276$2czenas
=655  \7$astudie$7fd133597$2czenas
=700  1\$aPetříček, Miroslav$d(1951- )$4aft$7jn99240000872$1http://viaf.org/viaf/64698920
=700  1\$aVašíček, Zdeněk$d(1933-2011)$4trl$4aui$7jk01141688$1http://viaf.org/viaf/19732498
=830  \0$aStřed
=910  \\$aABB060
=964  \\$a01
=964  \\$a02.06
=964  \\$a04.07
=964  \\$aB80
=995  \\$aČeská Literární Bibliografie
=FMT  BK
=OWN  \\$aUCLA
=SIF  \\$ass

