=LDR  02539nam a22004814a 4500
=001  001558348
=003  CZ\PrUCL
=005  20210305132426.0
=008  170104s1996\\\\xr\\\\\\\\\\\\|||\||cze\d
=035  \\$a(ISIS-B80-ID)B9047008
=035  \\$a(ISIS-B80-MFN)94349
=040  \\$aABB060$bcze
=080  \\$a(048.8)$2MRF
=100  1\$aViewegh, Josef$d(1928-2003)$7jk01142310$4aut$1http://viaf.org/viaf/43473
=245  10$aSebevražda a literatura /$cJosef Viewegh.
=260  \\$aBrno :$bPsychologický ústav AV ČR :$bNakladatelství Tomáše Janečka,$c1996.
=300  \\$a287 s.
=380  \\$iMajor genre$aSecondary literature$leng
=520  2\$aStudie, s úvodem (s. 5-9) a s oddíly: Sebevražda jako vědecký problém (s. 13-132, mj. s kapitolou Sebevražda a literatura, s. 108-132); Sebevražda jako osud (s. 133-261), s kapitolami: K filozofii sebevražedných tendencí - Ladislav Klíma (s. 133-190, Klíma Ladislav); Na obou stranách hranice - Stefan Zweig a Jochen Klepper (s. 191-218, Zweig Stefan, Klepper Jochen); Analýzy jednoho románu - Jack London (s. 219-236, London Jack); Sebevražda a řeč poezie: Cesare Pavese a Sylvie Plathová (s. 237-261, Pavese Cesare, Plathová Sylvie); s autorovým osobním dovětkem (s. 263-267), se soupisem literatury (s. 269-282).
=524  \\$aVIEWEGH, Josef: Sebevražda a literatura. Brno : Psychologický ústav AV ČR : Nakladatelství Tomáše Janečka, 1996.
=599  \\$axbibl
=600  17$aKlepper, Jochen$d(1903-1942)$7osd2010555734$2czenas$1http://viaf.org/viaf/9857405
=600  17$aKlíma, Ladislav$d(1878-1928)$7jk01060531$2czenas$1http://viaf.org/viaf/7402259
=600  17$aLondon, Jack$d(1876-1916)$7jn19990005166$2czenas$1http://viaf.org/viaf/46764200
=600  17$aPavese, Cesare$d(1908-1950)$7jn19990006410$2czenas$1http://viaf.org/viaf/36922880
=600  17$aPlath, Sylvia$d(1932-1963)$7jn19990006589$2czenas$1http://viaf.org/viaf/14775269
=600  17$aZweig, Stefan$d(1881-1942)$7jn19990009471$2czenas$1http://viaf.org/viaf/19685936
=650  07$apsychologie$7ph115948$2czenas
=650  07$asebevraždy$7ph125453$2czenas
=650  07$aspisovatelky$7ph125910$2czenas
=650  07$aspisovatelé$7ph125911$2czenas
=655  \7$astudie$7fd133597$2czenas
=710  2\$aPsychologický ústav AV ČR$1http://viaf.org/viaf/134074211
=910  \\$aABB060
=964  \\$a02.01
=964  \\$a02.06
=964  \\$a03.01
=964  \\$a04
=964  \\$aB80
=995  \\$aČeská Literární Bibliografie
=FMT  BK
=OWN  \\$aUCLA
=SIF  \\$ass

