=LDR  02740nam a22005534a 4500
=001  001558349
=003  CZ\PrUCL
=005  20210218153345.0
=008  170104s1996\\\\xr\\\\\\\\\\\\|||\||cze\d
=035  \\$a(ISIS-B80-ID)B9047009
=035  \\$a(ISIS-B80-MFN)94350
=040  \\$aABB060$bcze
=080  \\$a(035)$2MRF
=080  \\$a(048.8)$2MRF
=100  1\$aSobotková, Marie$d(1947- )$7ola2002158206$4aut$1http://viaf.org/viaf/68217481
=245  10$aAutor, text, adresát v českých, polských a slovenských memoárech 17.století /$cMarie Sobotková.
=260  \\$aOlomouc :$bVydavatelství Univerzity Palackého,$c1996.
=300  \\$a217 s.
=380  \\$iMajor genre$aSecondary literature$leng
=500  \\$aUrčeno pro studenty polské a české filologie.
=520  2\$aS úvodem a s kapitolami: Literární komunikace obecně; Autor jako subiekt czynnosci twórczych; Text jako výsledek procesu psaní a procesu čtení, text jako komunikát; Adresát jako imanentní součást textu; České texty autorské kronikářské relace; České autobiografické texty referenční a autobiografické texty beletrizující; Polské autobiografické texty referenční, autobiografické texty beletrizující a autobiografické texty beletrizované; Slovenské autobiografické texty beletrizující a autobiografické texty beletrizované; Antropologické hledisko interpretace memoárových textů; České, polské a slovenské memoárové texty v kulturním kontextu 17. století a dneška; Závěr; se soupisem pramenů a literatury, se jmenným rejstříkem.
=524  \\$aSOBOTKOVÁ, Marie: Autor, text, adresát v českých, polských a slovenských memoárech 17. století. Olomouc : Vydavatelství Univerzity Palackého, 1996.
=599  \\$axbibl
=650  04$aautoři$xOPRAVA UCL
=650  04$amemoáry$xOPRAVA UCL
=650  04$astarší česká literatura$xOPRAVA UCL
=650  07$aautobiografie$7ph114096$2czenas
=650  07$aliterární komunikace$7ph450991$2czenas
=650  07$anaratologie$7ph500243$2czenas
=650  07$apolská literatura$7ph115805$2czenas
=650  07$aslovenská literatura$7ph125661$2czenas
=650  07$atexty$7ph126631$2czenas
=650  \7$aCzech literature$2ELB-n
=650  \7$aAutobiography$2ELB-g
=650  \7$aPolish literature$2ELB-n
=650  \7$aSlovak literature$2ELB-n
=655  \7$apříručky$7fd133209$2czenas
=655  \7$astudie$7fd133597$2czenas
=710  2\$aVydavatelství Univerzity Palackého$1http://viaf.org/viaf/261355533
=910  \\$aABB060
=964  \\$a02.02.02
=964  \\$a03.02
=964  \\$a04.19
=964  \\$a04.25
=964  \\$aB80
=995  \\$aČeská Literární Bibliografie
=FMT  BK
=OWN  \\$aUCLA
=SIF  \\$ass

