=LDR  02295nam a22004214a 4500
=001  001558350
=003  CZ\PrUCL
=005  20200417161244.0
=008  170104s1996\\\\xr\\\\\\\\\\\\|||\||cze\d
=015  \\$acnb000117154
=020  \\$a80-7184-163-3
=035  \\$a(ISIS-B80-ID)B9047010
=035  \\$a(ISIS-B80-MFN)94351
=040  \\$aABB060$bcze
=072  \7$a02$xKnihovnictví. Informatika$2Konspekt$912
=100  1\$aCejpek, Jiří$d(1928-2005)$7jk01020592$4aut$1http://viaf.org/viaf/35443658
=245  10$aDějiny knihoven a knihovnictví v českých zemích a vybrané kapitoly z obecných dějin /$cJiří Cejpek, Ivan Hlaváček, Pravoslav Kneidl.
=260  \\$aPraha :$bUniverzita Karlova, vydavatelství Karolinum,$c1996.
=300  \\$a192 s.
=500  \\$aVydáno jako skripta pro posluchače Filozofické fakulty Univerzity Karlovy; v tiráži vročení 1995.
=520  2\$aSkripta; s úvodními poznámkami J. Cejpka (s. 5-10) a s oddíly: Vybrané kapitoly z obecných dějin knihoven a knihovnictví (s. 11-55); Přehledné dějiny českých a moravských knihoven do počátku novověku /cca 1526/ (s. 57-85); Přehled novověkých dějin českých a moravských knihoven do roku 1918 (s. 87-141); Vývoj knihoven a knihovnictví v Československu v letech 1918-1938 (s. 143-190); se soupisem další doporučené literatury k dějinám knihoven a knihovnictví (sestavil J. Cejpek, s. 191-192).
=524  \\$aCEJPEK, Jiří - HLAVÁČEK, Ivan - KNEIDL, Pravoslav et al.: Dějiny knihoven a knihovnictví v českých zemích a vybrané kapitoly z obecných dějin. Praha : Univerzita Karlova, vydavatelství Karolinum, 1996.
=599  \\$axbibl
=650  07$adějiny knihoven$7ph161710$2czenas
=650  07$adějiny knihovnictví$7ph135464$2czenas
=650  07$aliterární archivy$7ph122378$2czenas
=650  07$aliterární muzea$7ph122389$2czenas
=655  \7$avysokoškolská skripta$7fd190824$2czenas
=700  1\$aHlaváček, Ivan$d(1931- )$4aut$7jk01041203$1http://viaf.org/viaf/100217490
=700  1\$aKneidl, Pravoslav$d(1927-2003)$4aut$7jk01060792$1http://viaf.org/viaf/52733709
=910  \\$aABB060
=964  \\$a02.06
=964  \\$a02.12.02
=964  \\$aB80
=995  \\$aČeská Literární Bibliografie
=FMT  BK
=OWN  \\$aUCLA
=SIF  \\$ass

