=LDR  03539nam a22007454a 4500
=001  001558351
=003  CZ\PrUCL
=005  20210119205757.0
=008  170104s1996\\\\xr\\\\\\\\\\\\|||\||cze\d
=035  \\$a(ISIS-B80-ID)B9047011
=035  \\$a(ISIS-B80-MFN)94352
=040  \\$aABB060$bcze
=080  \\$a(048.8)$2MRF
=080  \\$a(0:82-94)$2MRF
=100  1\$aVaněčková-Štěpánková, Zdeňka$d(1933- )$7jk01141482$1http://viaf.org/viaf/28816202
=245  10$aCajthamlův odkaz :$bO životě a díle Františka Cajthamla-Liberté (1868-1936) /$cZdeňka Vaněčková-Štěpánková, Pravoslav Ehnert.
=260  \\$aOtrokovice :$bSdružený klub,$c1996.
=300  \\$a176 s.
=380  \\$iMajor genre$aSecondary literature$leng
=380  \\$iMajor genre$aLiterature$leng
=381  \\$iMajor genre$aOther$leng
=500  \\$aKniha vychází k 60. výročí úmrtí F. Cajthamla-Liberté; na titulním listě Praha, 1996.
=520  2\$aMonografie F. C. -L. (publikoval též pod jmény či šiframi: Liberté F. L., Liberté F. C., Liberté V. L., F. C. L., Svoboda František aj.); s úvodem (s. 5-9) a s kapitolami: Být básníkem... (s. 73-84), Novinářem a spisovatelem (s. 85-108), Závěrem (s. 109-112); se soupisem pramenů a literatury (s. 118-119); do knihy jsou zařazeny též Paměti F. C. -L. (s. 11-71) a oddíl In Literis - Vybráno z rukopisů dosud nepublikovaných (s. 120-132, mj. Vojna v české písni lidové, s. 120-124; Na jakou nemoc zemřel Karel Hynek Mácha?, s. 129-132); s bibliografií Spisy F. Cajthamla-Liberté (včetně titulů připravených do tisku); s přílohami.
=524  \\$aVANĚČKOVÁ-ŠTĚPÁNKOVÁ, Zdeňka - EHNERT, Pravoslav: Cajthamlův odkaz : O životě a díle Františka Cajthamla-Liberté (1868-1936). Otrokovice : Sdružený klub, 1996.
=599  \\$axbibl
=600  14$aSvoboda, František,$d1868-1936
=600  17$aCajthaml-Liberté, František$d(1868-1936)$7jk01020537$2czenas$1http://viaf.org/viaf/1123674
=600  17$aMácha, Karel Hynek$d(1810-1836)$7jk01072915$2czenas$1http://viaf.org/viaf/95263761
=648  \4$a1901-1920$xOPRAVA UCL
=648  \7$a1851-1900$7ch460575$2czenas
=648  \7$a1921-1930$7ch460580$2czenas
=650  04$adalší literární druhy a žánry$xOPRAVA UCL
=650  04$aliterární bibliografie a různé soupisy$xOPRAVA UCL
=650  04$aliterární časopisy a sborníky$xOPRAVA UCL
=650  04$apseudonymy$xOPRAVA UCL
=650  04$ašifry$xOPRAVA UCL
=650  07$adělnický tisk$7ph119706$2czenas
=650  07$aetnografie$7ph137601$2czenas
=650  07$akroniky$7ph121967$2czenas
=650  07$alidové písně$7ph122317$2czenas
=650  07$aosobnosti$7ph115615$2czenas
=650  07$apolitika$7ph115795$2czenas
=650  07$apublicistika$7ph124828$2czenas
=650  07$asociální demokracie$7ph125778$2czenas
=650  07$aválky$7ph144863$2czenas
=650  07$ačeská literatura$7ph116858$2czenas
=650  \7$aFolk song$2ELB-g
=650  \7$aCzech literature$2ELB-n
=655  \7$amonografie$7fd132842$2czenas
=655  \7$apaměti$7fd132997$2czenas
=700  1\$aEhnert, Pravoslav$d(1923-1998)$4aut$7jo20000080545$1http://viaf.org/viaf/33743635
=787  08$aSvoboda, František$tPaměti$4YYY
=910  \\$aABB060
=964  \\$a02.04
=964  \\$a02.11
=964  \\$a02.12.01
=964  \\$a03.04
=964  \\$a03.07
=964  \\$a03.08
=964  \\$a05
=964  \\$aB80
=995  \\$aČeská Literární Bibliografie
=FMT  BK
=OWN  \\$aUCLA
=SIF  \\$ass

