=LDR  01451nam a22004574a 4500
=001  001558355
=003  CZ\PrUCL
=005  20210305132310.0
=008  170104s1995\\\\xr\\\\\\\\\\\\|||\||cze\d
=035  \\$a(ISIS-B80-ID)B9047015
=035  \\$a(ISIS-B80-MFN)94356
=040  \\$aABB060$bcze
=080  \\$a(01)$2MRF
=245  00$aBibliografie a diskografie.
=260  \\$aBrno :$b[s. n.],$c1995.
=300  \\$as. 181-188.
=380  \\$iMajor genre$aSecondary literature$leng
=500  \\$aNepodepsáno.
=520  2\$aS rejstříky (s. 189-202).
=524  \\$aBibliografie a diskografie. Brno : [s. n. ], 1995.
=599  \\$axbibl
=600  17$aKryl, Karel$d(1944-1994)$7jk01063620$2czenas$1http://viaf.org/viaf/64127142
=650  07$ahudba a literatura$7ph114720$2czenas
=650  07$apísničkáři$7ph124874$2czenas
=650  07$apísňové texty$7ph124876$2czenas
=650  07$ačeská poezie$7ph150471$2czenas
=650  \7$aSong$2ELB-g
=650  \7$aCzech literature$2ELB-n
=650  \7$aPoetry$2ELB-g
=655  \7$abibliografie$7fd131898$2czenas
=787  08$aKryl, Karel$tPísně Karla Kryla od A do Ž$h204 s.$dBrno : Petr Rímský : HITBOX, 1995$4soubor písní (textů i not)
=910  \\$aABB060
=964  \\$a02.06
=964  \\$a03.16.01
=964  \\$a05
=964  \\$aB80
=995  \\$aČeská Literární Bibliografie
=FMT  BK
=OWN  \\$aUCLA
=SIF  \\$ass
=ZAR  \\$s204 s.$hsoubor písní (textů i not)

