=LDR  01500nam a22003854a 4500
=001  001558376
=003  CZ\PrUCL
=008  170104s1995\\\\xr\\\\\\\\\\\\|||\||cze\d
=035  \\$a(ISIS-B80-ID)B9047036
=035  \\$a(ISIS-B80-MFN)94377
=040  \\$aABB060$bcze
=080  \\$a(092)$2MRF
=080  \\$a(0:82-6)$2MRF
=100  1\$aHodáčová, Lilly$d(1910-1998)$7jk01041444$4aut$1http://viaf.org/viaf/37727840
=245  10$aZpěv Orfeův /$cLilly Hodáčová ; text k vydání připravil Vladimír Binar
=260  \\$aPraha :$bOdeon,$c1995
=300  \\$a399 s.
=380  \\$iMajor genre$aLiterature$leng
=381  \\$iMajor genre$aOther$leng
=520  2\$aAutobiografický román o vztahu s V. N., založený na Nezvalově korespondenci (též s citacemi jeho básní).
=524  \\$aHODÁČOVÁ, Lilly - BINAR, Vladimír: Zpěv Orfeův. Text k vydání připravil Vladimír Binar. Praha : Odeon, 1995.
=599  \\$axbibl
=600  17$aHodáčová, Lilly$d(1910-1998)$7jk01041444$2czenas$1http://viaf.org/viaf/37727840
=600  17$aNezval, Vítězslav$d(1900-1958)$7jk01090162$2czenas$1http://viaf.org/viaf/7402030
=650  07$aosobnosti$7ph115615$2czenas
=655  \7$abiografie$7fd131909$2czenas
=655  \7$akorespondence$7fd132681$2czenas
=700  1\$aBinar, Vladimír$d(1941-2016)$4edt$7jk01012122$1http://viaf.org/viaf/15030269
=910  \\$aABB060
=964  \\$a05
=964  \\$aB80
=995  \\$aČeská Literární Bibliografie
=FMT  BK
=OWN  \\$aUCLA
=SIF  \\$ass

