=LDR  02260nam a22004934a 4500
=001  001558378
=003  CZ\PrUCL
=005  20181211162753.0
=008  170104s1995\\\\xr\\\\\\\\\\\\|||\||cze\d
=035  \\$a(ISIS-B80-ID)B9047038
=035  \\$a(ISIS-B80-MFN)94379
=040  \\$aABB060$bcze
=080  \\$a(092)$2MRF
=080  \\$a(0:82-4)$2MRF
=100  1\$aFuks, Ladislav$d(1923-1994)$7jk01032159$4aut$1http://viaf.org/viaf/22183852
=245  10$aMoje zrcadlo :$bVzpomínky, dojmy, ohlédnutí /$cLadislav Fuks ; usp., vlastním textem .. . a co bylo za zrcadlem (5 intermezz) doplnil a ediční poznámku (s. 476) napsal Jiří Tušl ; předmluvu Klasik Ladislav Fuks (s. 7-13) napsal Arnošt Lustig.
=260  \\$aPraha :$bMelantrich,$c1995.
=300  \\$a479 s.
=380  \\$iMajor genre$aLiterature$leng
=381  \\$iMajor genre$aOther$leng
=490  1\$aČeská próza
=520  2\$aAutobiografická próza s úvahovými pasážemi a bibliografickými vsuvkami k vlastnímu dílu (autorův portrét dotvářejí intermezza J. Tušla); s přehledem cizojazyčných vydání knih L. F. (s. 472-475); s poznámkou o J. T. (s. 477).
=524  \\$aFUKS, Ladislav - TUŠL, Jiří - LUSTIG, Arnošt et al.: Moje zrcadlo : Vzpomínky, dojmy, ohlédnutí. Předmluvu Klasik Ladislav Fuks napsal Arnošt Lustig. Praha : Melantrich, 1995.
=599  \\$axbibl
=600  17$aFuks, Ladislav$d(1923-1994)$7jk01032159$2czenas$1http://viaf.org/viaf/22183852
=650  04$aliterární bibliografie a různé soupisy$xOPRAVA UCL
=650  04$avztahy české literatury ke světové literatuře$xOPRAVA UCL
=650  07$aosobnosti$7ph115615$2czenas
=650  \7$aCzech literature$2ELB-n
=655  \7$abiografie$7fd131909$2czenas
=655  \7$aúvahy$7fd134000$2czenas
=700  1\$aLustig, Arnošt$d(1926-2011)$4aui$7jk01072683$1http://viaf.org/viaf/109645153
=700  1\$aTušl, Jiří$d(1943- )$4com$4edt$4edt$7kup19960000103438$1http://viaf.org/viaf/42021152
=710  2\$aMelantrich$1http://viaf.org/viaf/249394812
=830  \0$aČeská próza
=910  \\$aABB060
=964  \\$a02.12.01
=964  \\$a04.00.08
=964  \\$a05
=964  \\$aB80
=995  \\$aČeská Literární Bibliografie
=FMT  BK
=OWN  \\$aUCLA
=SIF  \\$ass

