=LDR  01814nam a22003854a 4500
=001  001558379
=003  CZ\PrUCL
=005  20190828122121.0
=008  170104s1995\\\\xr\\\\\\\\\\\\|||\||cze\d
=035  \\$a(ISIS-B80-ID)B9047039
=035  \\$a(ISIS-B80-MFN)94380
=040  \\$aABB060$bcze
=080  \\$a(0:82-6)$2MRF
=100  1\$aNěmcová, Božena$d(1820-1862)$7jk01083016$4aut$1http://viaf.org/viaf/56763450
=245  10$aLamentace :$bDopisy mužům /$cBožena Němcová ; výbor z korespondence Boženy Němcové a další texty usp., průvodní slovo a ediční poznámku (s. 229-232) napsala Jaroslava Janáčková ; poznámku k ediční přípravě textů (s. 232-233) napsala Zdeňka Nováková.
=260  \\$aPraha :$bČeský spisovatel,$c1995.
=300  \\$a240 s.
=380  \\$iMajor genre$aLiterature$leng
=381  \\$iMajor genre$aOther$leng
=520  2\$aS oddíly Šťastná setkání, Poutaná a spoutaná, Na útěku; se seznamem adresátů B. Němcové, se seznamem dopisů a dalších textů.
=524  \\$aNĚMCOVÁ, Božena - JANÁČKOVÁ, Jaroslava - NOVÁKOVÁ, Zdeňka et al.: Lamentace : Dopisy mužům. Poznámku k ediční přípravě textů napsala Zdeňka Nováková. Praha : Český spisovatel, 1995.
=599  \\$axbibl
=600  14$aNěmcová, Božena$d(1820-1862)$xOPRAVA UCL$1http://viaf.org/viaf/56763450
=650  07$aosobnosti$7ph115615$2czenas
=655  \7$akorespondence$7fd132681$2czenas
=700  1\$aJanáčková, Jaroslava$d(1930- )$4com$4edt$4edt$7jk01050748$1http://viaf.org/viaf/102379306
=700  1\$aNováková, Zdeňka$4wam$xOPRAVA UCL
=710  2\$aČeský Spisovatel$1http://viaf.org/viaf/316026933
=910  \\$aABB060
=964  \\$a05
=964  \\$aB80
=995  \\$aČeská Literární Bibliografie
=FMT  BK
=OWN  \\$aUCLA
=SIF  \\$ass

