=LDR  02137nam a22004574a 4500
=001  001558444
=003  CZ\PrUCL
=008  170104s1996\\\\xr\\\\\\\\\\\\|||\||cze\d
=035  \\$a(ISIS-B80-ID)B9047104
=035  \\$a(ISIS-B80-MFN)94445
=040  \\$aABB060$bcze
=080  \\$a(0:82-6)$2MRF
=100  1\$aOrten, Jiří$d(1919-1941)$7jk01091274$4aut$1http://viaf.org/viaf/24101
=245  10$aHořký kruh :$bKorespondence s Věrou Fingrovou /$cJiří Orten ; usp. a k vydání připravily Jarmila Víšková, Jaroslava Jiskrová ; vysvětlivky a komentáře (s. 219-313) napsala Jarmila Víšková
=260  \\$aPraha :$bTorst,$c1996
=300  \\$a315 s.
=380  \\$iMajor genre$aLiterature$leng
=381  \\$iMajor genre$aOther$leng
=520  2\$aSoubor dopisů J. O. (uložených v LA PNP) z let 1937-1941, adresátka: Fingerová Věra; oddíl vysvětlivky a komentáře obsahuje též citace (popř. parafráze) z listů V. F. a z fragmentu jejích rukopisných vzpomínek.
=524  \\$aORTEN, Jiří - VÍŠKOVÁ, Jarmila - JISKROVÁ, Jaroslava et al.: Hořký kruh : Korespondence s Věrou Fingrovou. Vysvětlivky a komentáře napsala Jarmila Víšková. Praha : Torst, 1996.
=599  \\$axbibl
=600  17$aFingerová, Věra$d(1920-1990)$7jn20000728136$2czenas$1http://viaf.org/viaf/45131695
=600  17$aOrten, Jiří$d(1919-1941)$7jk01091274$2czenas$1http://viaf.org/viaf/24101
=648  \7$a1931-1940$7ch460581$2czenas
=648  \7$a1941-1950$7ch460582$2czenas
=650  07$aosobnosti$7ph115615$2czenas
=650  07$ačeská literatura$7ph116858$2czenas
=650  \7$aCzech literature$2ELB-n
=655  \7$akorespondence$7fd132681$2czenas
=700  1\$aJiskrová, Jaroslava$d(1949- )$4com$4edt$7jk01051998$1http://viaf.org/viaf/16234863
=700  1\$aVíšková, Jarmila$d(1927-2017)$4wam$4com$4edt$7jk01142467$1http://viaf.org/viaf/42249569
=710  2\$aNakladatelství Torst$1http://viaf.org/viaf/134181622
=910  \\$aABB060
=964  \\$a03.09
=964  \\$a03.10
=964  \\$a05
=964  \\$aB80
=995  \\$aČeská Literární Bibliografie
=FMT  BK
=OWN  \\$aUCLA
=SIF  \\$ass

