=LDR  02193nam a22004694a 4500
=001  001558445
=003  CZ\PrUCL
=005  20200421144215.0
=008  170104s1996\\\\xr\\\\\\\\\\\\|||\||cze\d
=015  \\$acnb000105563
=020  \\$a80-7184-050-5
=035  \\$a(ISIS-B80-ID)B9047105
=035  \\$a(ISIS-B80-MFN)94446
=040  \\$aABB060$bcze
=072  \7$a37$xVýchova a vzdělávání$2Konspekt$922
=245  00$aDějiny Univerzity Karlovy.$n2,$p1622-1802 /$cúvod, komentovaný soupis pramenů a literatury a redakční poznámku k práci kolektivu autorů napsala redaktorka publikace Ivana Čornejová ; rejstříky zpracovala Lenka Zapletalová.
=246  30$a1622-1802
=260  \\$aPraha :$bUniverzita Karlova, vydavatelství Karolinum,$c1996.
=300  \\$a288 s.
=380  \\$iMajor genre$aSecondary literature$leng
=520  2\$aPřehled dějin; mj. s kapitolami: Teologická fakulta (s. 69-98); Filozofická fakulta (s. 99-135); Vznik a vývoj univerzitní knihovny (s. 203-223); Pražská univerzita a vzdělanost v českých zemích v 17. a 18. století (s. 225-240); s přílohami Počty a původ posluchačů, promovaných a profesorů na fakultách Karlo-Ferdinandovy univerzity; Přehled akademických hodnostářů v letech 1622-1802.
=524  \\$aČORNEJOVÁ, Ivana - ZAPLETALOVÁ, Lenka: Dějiny Univerzity Karlovy. 2, 1622-1802. Rejstříky zpracovala Lenka Zapletalová. Praha : Univerzita Karlova, vydavatelství Karolinum, 1996.
=599  \\$axbibl
=610  27$aUniverzita Karlova$7kn20010710036$2czenas
=648  \7$a17. století$7ch460555$2czenas
=648  \7$a18. století$7ch460556$2czenas
=650  07$adějiny školství$7ph536908$2czenas
=650  07$aknihovny$7ph114926$2czenas
=650  07$auniverzity$7ph126937$2czenas
=655  \7$apřehledy$7fd133202$2czenas
=700  1\$aZapletalová, Lenka$4edt$xOPRAVA UCL
=700  1\$aČornejová, Ivana$d(1950- )$4aui$4com$4wam$7jk01101987$1http://viaf.org/viaf/47298
=910  \\$aABB060
=964  \\$a02.06
=964  \\$a02.12.01
=964  \\$a02.12.02
=964  \\$a03.02
=964  \\$aB80
=995  \\$aČeská Literární Bibliografie
=FMT  BK
=OWN  \\$aUCLA
=SIF  \\$ass

