=LDR  03056nam a22006254a 4500
=001  001558446
=003  CZ\PrUCL
=005  20210305131359.0
=008  170104s1996\\\\xr\\\\\\\\\\\\|||\||cze\d
=035  \\$a(ISIS-B80-ID)B9047106
=035  \\$a(ISIS-B80-MFN)94447
=040  \\$aABB060$bcze
=080  \\$a(048.8)$2MRF
=080  \\$a(082.21)$2MRF
=245  00$aČeský anarchismus :$b1890-1925 /$cukázky vybral, usp. a úvodní studii Fragment velkého příběhu o emancipaci (Myšlenky českého anarchismu), s. 11-98 napsal Václav Tomek.
=260  \\$aPraha :$bFilosofický ústav v nakladatelství Filosofia,$c1996.
=300  \\$a744 s.
=380  \\$iMajor genre$aSecondary literature$leng
=380  \\$iMajor genre$aLiterature$leng
=381  \\$iMajor genre$aOther$leng
=520  2\$aAntologie chronologicky řazených ukázek z české anarchistické a dobově blízké publicistiky z let 1890-1925, mj. texty: Procházka Arnošt, Hlaváček Karel, Šalda František Xaver, Neumann Stanislav Kostka (též pod pseudonymy Brutus, Marius), Marten Miloš, Šrámek Fráňa (též pod pseudonymem Salm Joe), Mahen Jiří (pod pseud. Prosper), Gellner František; s edičními poznámkami (s. 721-723), s rejstříkem jmen.
=524  \\$aTOMEK, Václav: Český anarchismus : 1890-1925. Praha : Filosofický ústav v nakladatelství Filosofia, 1996.
=599  \\$axbibl
=600  17$aGellner, František$d(1881-1914?)$7jk01032392$2czenas$1http://viaf.org/viaf/44362885
=600  17$aHlaváček, Karel$d(1874-1898)$7jk01041213$2czenas$1http://viaf.org/viaf/20480101
=600  17$aMahen, Jiří$d(1882-1939)$7jk01072867$2czenas$1http://viaf.org/viaf/61589020
=600  17$aMarten, Miloš$d(1883-1917)$7jk01080318$2czenas$1http://viaf.org/viaf/233502846
=600  17$aNeumann, Stanislav Kostka$d(1875-1947)$7jk01090079$2czenas$1http://viaf.org/viaf/27863744
=600  17$aProcházka, Arnošt$d(1869-1925)$7jk01101100$2czenas$1http://viaf.org/viaf/70005129
=600  17$aŠalda, F. X. (František Xaver)$q(František Xaver),$d(1867-1937)$7jk01122425$2czenas$1http://viaf.org/viaf/14783197
=600  17$aŠrámek, Fráňa$d(1877-1952)$7jk01130973$2czenas$1http://viaf.org/viaf/8183959
=648  \4$a1901-1920
=648  \7$a1851-1900$7ch460575$2czenas
=648  \7$a1921-1930$7ch460580$2czenas
=650  07$aanarchismus$7ph118417$2czenas
=650  07$afilozofie$7ph114540$2czenas
=650  07$aideologie$7ph121026$2czenas
=650  07$apseudonymy$7ph941603$2czenas
=650  07$apublicistika$7ph124828$2czenas
=650  07$ačeská literatura$7ph116858$2czenas
=650  \7$aCzech literature$2ELB-n
=655  \7$aantologie$7fd131819$2czenas
=655  \7$astudie$7fd133597$2czenas
=700  1\$aTomek, Václav$d(1942- )$4com$4com$4aui$7jn19990209926$1http://viaf.org/viaf/51729648
=910  \\$aABB060
=964  \\$a01
=964  \\$a02.06
=964  \\$a03.04
=964  \\$a03.07
=964  \\$a03.08
=964  \\$aB80
=995  \\$aČeská Literární Bibliografie
=FMT  BK
=OWN  \\$aUCLA
=SIF  \\$ass

