=LDR  02501nam a22005654a 4500
=001  001558447
=003  CZ\PrUCL
=005  20210308153600.0
=008  170104s1996\\\\xr\\\\\\\\\\\\|||\||cze\d
=035  \\$a(ISIS-B80-ID)B9047107
=035  \\$a(ISIS-B80-MFN)94448
=040  \\$aABB060$bcze
=080  \\$a(048.8)$2MRF
=080  \\$a(082)$2MRF
=080  \\$a82:101$2MRF
=080  \\$a82:72/76$2MRF
=245  00$aMartin Heidegger a problémy myšlení :$bSborník studií přednesených na stejnojmenné konferenci konané v Olomouci v roce 1990 /$cúvodní poznámku (s. 7-10) napsal editor Miroslav Pauza.
=260  \\$aPraha :$bFilosofia, nakladatelství Filosofického ústavu AV ČR,$c1996.
=300  \\$a212 s.
=380  \\$iMajor genre$aSecondary literature$leng
=380  \\$iMajor genre$aLiterature$leng
=381  \\$iMajor genre$aOther$leng
=520  2\$aMj. se studiemi: Mathauser Zdeněk, Filosofie předpokladovosti a teorie umění (s. 116-128); Zuska Vlastimil, Oscilace bytí a nastávání v Heideggerově "Der Ursprung des Kunstwerkes" (s. 129-134).
=524  \\$aPAUZA, Miroslav: Martin Heidegger a problémy myšlení : Sborník studií přednesených na stejnojmenné konferenci konané v Olomouci v roce 1990. Praha : Filosofia, nakladatelství Filosofického ústavu AV ČR, 1996.
=599  \\$axbibl
=600  17$aHeidegger, Martin$d(1889-1976)$7jn19990009594$2czenas$1http://viaf.org/viaf/24602613
=600  17$aMathauser, Zdeňek$d(1920-2007)$7jk01080711$2czenas$1http://viaf.org/viaf/79262600
=600  17$aZuska, Vlastimil$d(1951- )$7jn19990218114$2czenas$1http://viaf.org/viaf/78039541
=650  04$aliteratura (obecně)$xOPRAVA UCL
=650  04$aněmecká německá literární teorie$xOPRAVA UCL
=650  07$aestetika$7ph117189$2czenas
=650  07$afilozofie$7ph114540$2czenas
=650  07$aliteratura a filozofie$7ph122368$2czenas
=650  07$aliteratura a umění$7ph115156$2czenas
=650  07$aosobnosti$7ph115615$2czenas
=650  07$ateorie umění$7ph126574$2czenas
=655  \7$asborníky$7fd163935$2czenas
=655  \7$astudie$7fd133597$2czenas
=700  1\$aPauza, Miroslav$d(1951-2020)$4edt$4aui$7jo20010088892$1http://viaf.org/viaf/10255766
=787  08$aZuska, Vlastimil$tDer Ursprung des Kunstwerkes$4YYY
=910  \\$aABB060
=964  \\$a01
=964  \\$a02.06
=964  \\$a04.17.04
=964  \\$a05
=964  \\$aB80
=995  \\$aČeská Literární Bibliografie
=FMT  BK
=OWN  \\$aUCLA
=SIF  \\$ass

