=LDR  01948nam a22005054a 4500
=001  001558448
=003  CZ\PrUCL
=005  20200503163215.0
=008  170104s1996\\\\xr\\\\\\\\\\\\|||\||cze\d
=015  \\$acnb002107336
=020  \\$a80-902024-3-8
=035  \\$a(ISIS-B80-ID)B9047108
=035  \\$a(ISIS-B80-MFN)94449
=040  \\$aABB060$bcze
=072  \7$a72/76$xVýtvarné umění$2Konspekt$921
=080  \\$a(047.53)$2MRF
=080  \\$a(0:82-4)$2MRF
=100  1\$aKnížák, Milan$d(1940- )$7jk01060827$4aut$1http://viaf.org/viaf/61655780
=245  10$a(Názory) :$b1995-1964 /$cMilan Knížák ; edičně připravili a ediční poznámku napsali Milan Klimeš, J. F.
=260  \\$aBrno :$bVetus Via,$c1996.
=300  \\$a478 s.
=380  \\$iMajor genre$aLiterature$leng
=381  \\$iMajor genre$aOther$leng
=520  2\$aSoubor esejů, proslovů, rozhovorů a článků M. Knížáka, většinou dosud nepublikovaných, řazených inverzně chronologicky; s ediční poznámkou (s. 468-469).
=524  \\$aKNÍŽÁK, Milan - KLIMEŠ, Milan - J. F. et al.: (Názory) : 1995-1964. Edičně připravili a ediční poznámku napsali Milan Klimeš, J. F. Brno : Vetus Via, 1996.
=599  \\$axbibl
=600  17$aKnížák, Milan$d(1940- )$7jk01060827$2czenas$1http://viaf.org/viaf/61655780
=648  \7$a1951-2000$7ch460577$2czenas
=650  07$aarchitektura$7ph118586$2czenas
=650  07$akultura$7ph122009$2czenas
=650  07$apolitika$7ph115795$2czenas
=650  07$avýtvarní umělci$7ph116709$2czenas
=655  \7$aeseje$7fd132213$2czenas
=655  \7$arozhovory$7fd133303$2czenas
=700  0\$aJ. F.$4edt$4wam$xOPRAVA UCL
=700  1\$aKlimeš, Milan$d(1927- )$4edt$4wam$7xx0147282$1http://viaf.org/viaf/233357752
=910  \\$aABB060
=964  \\$a02.06
=964  \\$a03.16
=964  \\$a05
=964  \\$aB80
=995  \\$aČeská Literární Bibliografie
=FMT  BK
=OWN  \\$aUCLA
=SIF  \\$ass

