=LDR  02706nam a22005894a 4500
=001  001558449
=003  CZ\PrUCL
=005  20181030164309.0
=008  150215s1996\\\\xo\\\\\\\\\\\\|||\||cze\d
=035  \\$a(ISIS-B80-ID)B9047109
=035  \\$a(ISIS-B80-MFN)94450
=040  \\$aABB060$bcze
=080  \\$a(048.8)$2MRF
=080  \\$a(082)$2MRF
=245  00$aTextové podoby postmoderny :$bVizuálna poézia, próza, dráma.
=260  \\$aNitra :$bVysoká škola pedagogická, Fakulta humanitných vied :$bÚstav literárnej a umeleckej komunikácie,$c1996.
=300  \\$a226 s.
=380  \\$iMajor genre$aSecondary literature$leng
=380  \\$iMajor genre$aLiterature$leng
=381  \\$iMajor genre$aOther$leng
=490  1\$aVýskumné materiály ;$vč. 44
=520  2\$aSborník studií spjatách s grantovým úkolem Recepcia moderny a postmoderny (Sondy do slovenskej prekladovej a povodnej tvorby), mj. s teoretickými statěmi: Žilka Tibor, Groteskná postava a Frankenstein (s. 11-29); Pokrivčák Anton, Ontologické aspekty alegórie a symbolu (s. 35-48); Gero Štefan, Text a obraz alebo od piktogramov k vizuálnej poézii a lettrizmu (s. 49-63); Gromová Edita, Interpretácia v procese umeleckého prekladu (s. 207-220).
=524  \\$aTextové podoby postmoderny : Vizuálna poézia, próza, dráma. Nitra : Vysoká škola pedagogická, Fakulta humanitných vied : Ústav literárnej a umeleckej komunikácie, 1996.
=599  \\$axbibl
=600  17$aGeró, Štefan$d(1942- )$7mzk2003196439$2czenas$1http://viaf.org/viaf/84556088
=600  17$aGromová, Edita$d(1954- )$7mzk2002160757$2czenas$1http://viaf.org/viaf/177153061254219200419
=600  17$aPokrivčák, Anton$7mzk2006355965$2czenas$1http://viaf.org/viaf/7144782941144873507
=600  17$aŽilka, Tibor$d(1939- )$7mzk2002105352$2czenas$1http://viaf.org/viaf/138443847
=650  04$ainterpretace$xOPRAVA UCL
=650  04$aslovenská literární teorie$xOPRAVA UCL
=650  04$ateorie literatury$xOPRAVA UCL
=650  07$aalegorie$7ph173216$2czenas
=650  07$agrotesky$7ph303245$2czenas
=650  07$apostmodernismus$7ph124403$2czenas
=650  07$apřekladatelství$7ph124891$2czenas
=650  07$asymboly$7ph126351$2czenas
=650  07$avizuální poezie$7ph127123$2czenas
=650  \7$aVisual poetry$2ELB-g
=655  \7$asborníky$7fd163935$2czenas
=655  \7$astudie$7fd133597$2czenas
=787  08$aŽilka, Tibor$tFrankenstein$4YYY
=830  \0$aVýskumné materiály
=910  \\$aABB060
=964  \\$a02.01
=964  \\$a02.08
=964  \\$a04.25.04
=964  \\$aB80
=964  \\$aMBK
=995  \\$aČeská Literární Bibliografie
=FMT  BK
=OWN  \\$aUCLA
=SIF  \\$ass

