=LDR  03587nam a22006734a 4500
=001  001558450
=003  CZ\PrUCL
=005  20200426144841.0
=008  150214s1996\\\\xr\\\\\\\\\\\\|||\||cze\d
=015  \\$acnb002723383
=020  \\$a80-85917-08-4
=035  \\$a(ISIS-B80-ID)B9047110
=035  \\$a(ISIS-B80-MFN)94451
=040  \\$aABB060$bcze
=072  \7$a94(4)$xDějiny Evropy$2Konspekt$98
=080  \\$a(048.8)$2MRF
=080  \\$a(082)$2MRF
=245  00$aČeský lev a rakouský orel v 19. století =$bBöhmischer Löwe und österreichischer Adler im 19. Jahrhundert : sborník příspěvků ze stejnojmenného sympozia, pořádaného ve dnech 10.-12. března 1994 ve Státní vědecké knihovně v Plzni Národní galerií v Praze a Rakouským ústavem pro střední a jihovýchodní Evropu, odbočka v Brně /$cusp. Zdeněk Hojda, Roman Prahl.
=246  31$aBöhmischer Löwe und österreichischer Adler im 19. Jahrhundert
=260  \\$aPraha :$bKoniasch Latin Press,$c1996.
=300  \\$a345 s.
=380  \\$iMajor genre$aSecondary literature$leng
=380  \\$iMajor genre$aLiterature$leng
=381  \\$iMajor genre$aOther$leng
=506  \\$aB80AN
=520  2\$aSborník (v češtině a němčině) ze 14. ročníku mezioborového sympozia (dříve v rámci akce: Smetanovské dny, Plzeň), mj. s příspěvky: Pospíšil Milan, Habsburk a Přemyslovec očima Franze Grillparzera (s. 90-97, zejména o konfliktním přijetí historického dramatu F. Grillparzera, zobrazujícího střet Přemysla Otakara II. s Rudolfem Habsburským); Tureček Dalibor, Česká podoba rakouského volksstücku (s. 98-103).
=524  \\$aHOJDA, Zdeněk - PRAHL, Roman: Český lev a rakouský orel v 19. století =Böhmischer Löwe und österreichischer Adler im 19. Jahrhundert : sborník příspěvků ze stejnojmenného sympozia, pořádaného ve dnech 10. -12. března 1994 ve Státní vědecké knihovně v Plzni Národní galerií v Praze a Rakouským ústavem pro střední a jihovýchodní Evropu, odbočka v Brně. Praha : Koniasch Latin Press, 1996.
=599  \\$axbibl
=600  07$aOttokar II, King of Bohemia$bII.,$cčeský král a markrabě moravský,$d(1230?-1278)$7jn20000728538$2czenas$1http://viaf.org/viaf/68969597
=600  14$aRudolf, Habsburský
=600  17$aGrillparzer, Franz$d(1791-1872)$7jn19990002895$2czenas$1http://viaf.org/viaf/12345937
=611  27$aSmetanovské dny (festival : Plzeň, Česko)$7xx0032386$2czenas
=648  \7$a1851-1900$7ch460575$2czenas
=650  04$ačesko-rakouské vztahy
=650  07$alidové divadlo$7ph385062$2czenas
=650  07$aliterární komparatistika$7ph137146$2czenas
=650  07$aněmecké drama$7ph123506$2czenas
=650  07$ačeské drama$7ph128137$2czenas
=650  \7$aGerman literature$2ELB-n
=650  \7$aDrama$2ELB-g
=650  \7$aCzech literature$2ELB-n
=651  \7$aRakousko$7ge130612$2czenas
=655  \7$asborníky$7fd163935$2czenas
=655  \7$astudie$7fd133597$2czenas
=700  1\$aHojda, Zdeněk$d(1953- )$4com$7jn20000400985$1http://viaf.org/viaf/17641092
=700  1\$aPrahl, Roman$d(1949- )$4com$7jn20000810004$1http://viaf.org/viaf/47925505
=787  08$aGrillparzer, Franz$tKönig Ottokars Glück und Ende$4divadelní hra
=787  08$aGrillparzer, Franz$tŠtěstí a pád krále Otakara$4divadelní hra
=910  \\$aABB060
=964  \\$a02.07
=964  \\$a02.10.02
=964  \\$a03.03.03
=964  \\$a03.04
=964  \\$a04.17.03
=964  \\$aB80
=995  \\$aČeská Literární Bibliografie
=FMT  BK
=OWN  \\$aUCLA
=SIF  \\$ass

