=LDR  03754nam a22006494a 4500
=001  001558451
=003  CZ\PrUCL
=005  20200410165436.0
=008  170104s1996\\\\xr\\\\\\\\\\\\|||\||cze\d
=015  \\$acnb000104513
=020  \\$a80-7184-034-3
=035  \\$a(ISIS-B80-ID)B9047111
=035  \\$a(ISIS-B80-MFN)94452
=040  \\$aABB060$bcze
=072  \7$a316$xSociologie$2Konspekt$918
=080  \\$a(048.8)$2MRF
=100  1\$aAlan, Josef$d(1938- )$7jn19981000058$4aut$1http://viaf.org/viaf/49915047
=245  10$aSociologie, literatura a politika :$bliteratura jako sociologické sdělení /$cJosef Alan, Miloslav Petrusek.
=260  \\$aPraha :$bUniverzita Karlova, vydavatelství Karolinum,$c1996.
=300  \\$a207 s.
=380  \\$iMajor genre$aSecondary literature$leng
=520  2\$aSoubor sociologických interpretací literárních děl české i světové literatury (12 z nich publikováno v letech 1987-1989 v samizdatově vydávaném časopise "Sociologický obzor" pod pseudonymy: M. Petrusek - Martin Piluša, Statis, Gratianus; J. Alan - Jan Benedikt); s předmluvou a mj. se studiemi J. Alana: Narativní paradigma v sociologii (s. 13-21); Sociologie mezi vědou a literaturou (s. 21-29); Svět za rohem /K české literatuře na přelomu 70. a 80. let/ (s. 105-115); Krátké zamyšlení nad Kunderou (s. 116-122); "Počkám, až naskočí červená, a spokojeně přecházím" (s. 122-128); Fenomén S. Y. S. (s. 128-145); Hrabalův rok 1989 (s. 145-148); Hrůzy sebelásky a nenávisti (s. 153-158); - M. Petruska : TGM: Sociologie mezi vědou a uměním (s. 29-42); 60. léta jako nostalgie, realita a mystifikace (s. 99-104); s ediční poznámkou (s. 203-206, s bibliografickými údaji o původním otištění statí).
=524  \\$aALAN, Josef - PETRUSEK, Miloslav: Sociologie, literatura a politika : literatura jako sociologické sdělení. Praha : Univerzita Karlova, vydavatelství Karolinum, 1996.
=599  \\$axbibl
=600  14$aPelc, Jan$xOPRAVA UCL
=600  17$aFrýbová, Zdena$d(1934-2010)$7jk01032058$2czenas$1http://viaf.org/viaf/17299106
=600  17$aHrabal, Bohumil$d(1914-1997)$7jk01042564$2czenas$1http://viaf.org/viaf/34458072
=600  17$aKundera, Milan$d(1929- )$7jk01070894$2czenas$1http://viaf.org/viaf/51691735
=600  17$aMasaryk, Tomáš Garrigue$d(1850-1937)$7jk01080472$2czenas$1http://viaf.org/viaf/56651696
=600  17$aMisař, Karel$d(1934-1991)$7jk01081803$2czenas$1http://viaf.org/viaf/67786511
=600  17$aSýs, Karel$d(1946- )$7jk01122289$2czenas$1http://viaf.org/viaf/122010858
=648  \7$a1951-2000$7ch460577$2czenas
=650  04$ateorie literatury$xOPRAVA UCL
=650  07$ainterpretace a přijetí literárního díla$7ph137145$2czenas
=650  07$aliterární pseudonymy$7ph122391$2czenas
=650  07$apolitika$7ph115795$2czenas
=650  07$asamizdat$7ph136929$2czenas
=650  07$asociologie$7ph116198$2czenas
=650  07$ačeská literatura$7ph116858$2czenas
=650  \7$aCzech literature$2ELB-n
=655  \7$astudie$7fd133597$2czenas
=700  1\$aPetrusek, Miloslav$d(1936-2012)$4aut$7jk01092859$1http://viaf.org/viaf/3563641
=787  08$aFrýbová, Zdena$tHrůzy lásky a nenávisti$h424 s.$dPraha : Čs. spisovatel, 1991$4dvě novely
=787  08$aHrabal, Bohumil$tDopisy Dubence$4soubor próz
=787  08$aKundera, Milan$tNesnesitelná lehkost bytí$4román
=787  08$aMisař, Karel$tPlavba na stéble trávy$4román
=787  08$aPelc, Jan$t...a bude hůř$4román
=787  08$tSociologický obzor$4časopis
=910  \\$aABB060
=964  \\$a02.01
=964  \\$a02.06
=964  \\$a03.16
=964  \\$aB80
=995  \\$aČeská Literární Bibliografie
=FMT  BK
=OWN  \\$aUCLA
=SIF  \\$ass

