=LDR  02279nam a22004814a 4500
=001  001558452
=003  CZ\PrUCL
=005  20200416221819.0
=008  150407s1996\\\\xr\\\\\\\\\\\\|||\||cze\d
=015  \\$acnb000119008
=020  \\$a80-85281-30-9
=035  \\$a(ISIS-B80-ID)B9047112
=035  \\$a(ISIS-B80-MFN)94453
=040  \\$aABB060$bcze
=072  \7$a821.162.3.09$xČeská literatura (o ní)$2Konspekt$911
=080  \\$a(01)$2MRF
=080  \\$a(048.8)$2MRF
=100  1\$aBudín, Viktor$d(1970- )$7skuk0000181$4aut$1http://viaf.org/viaf/36202111
=245  10$aPodkarpatská Rus očima Čechů /$cViktor Budín.
=260  \\$aPraha :$bSpolečnost přátel Podkarpatské Rusi a rusínské sekce v nakladatelství Česká expedice,$c1996.
=300  \\$a80 s.
=380  \\$iMajor genre$aSecondary literature$leng
=490  1\$aEdice statí, reportáží, vzpomínek a dokumentů ;$vsv. 12
=500  \\$aTato publikace vznikala jako diplomová práce na FFUK v letech 1994-1995 pod názvem "Obraz Podkarpatské Rusi v české literatuře a publicistice".
=520  2\$aS kapitolami: Podkarpatská Rus v Československu; Podkarpatská Rus v české literatuře odborné a populárně-naučné (1919-1929); Podkarpatská Rus v české beletrii (1919-1945); Shrnutí; připojen Přehled článků a publikací o Podkarpatské Rusi (1919-1929) a Přehled beletristických děl s podkarpatoruskými motivy (1919-1945); se soupisem pramenů a literatury; s poznámkou o V. Budínovi (s. 78).
=524  \\$aBUDÍN, Viktor: Podkarpatská Rus očima Čechů. Praha : Společnost přátel Podkarpatské Rusi a rusínské sekce v nakladatelství Česká expedice, 1996.
=599  \\$axbibl
=650  04$aliterární časopisy a sborníky$xOPRAVA UCL
=650  07$anáměty, témata a motivy$7ph138485$2czenas
=650  07$ačeská próza$7ph116861$2czenas
=650  \7$aCzech literature$2ELB-n
=651  \4$aPodkarpatská Rus$xOPRAVA UCL
=655  \7$abibliografie$7fd131898$2czenas
=655  \7$astudie$7fd133597$2czenas
=830  \0$aEdice statí, reportáží, vzpomínek a dokumentů
=910  \\$aABB060
=964  \\$a02.11
=964  \\$a03.05
=964  \\$aB80
=995  \\$aČeská Literární Bibliografie
=FMT  BK
=OWN  \\$aUCLA
=SIF  \\$ass

