=LDR  01291nam a22004094a 4500
=001  001558453
=003  CZ\PrUCL
=005  20200415222531.0
=008  150407s1996\\\\xr\\\\\\\\\\\\|||\||cze\d
=015  \\$acnb000146799
=020  \\$a80-85625-41-5
=035  \\$a(ISIS-B80-ID)B9047113
=035  \\$a(ISIS-B80-MFN)94454
=040  \\$aABB060$bcze
=072  \7$a94(437)$xDějiny Česka a Slovenska$2Konspekt$98
=100  1\$aBorská, Ilona$d(1928-2007)$7jk01012697$4aut$1http://viaf.org/viaf/39912885
=245  10$aMoje město Otázka /$cIlona Borská.
=260  \\$aPraha :$bPrimus,$c1996.
=300  \\$a188 s.
=380  \\$iMajor genre$aLiterature$leng
=381  \\$iMajor genre$aOther$leng
=520  2\$aKniha o Praze, též o literátech a umělcích s městem spjatých.
=524  \\$aBORSKÁ, Ilona: Moje město Otázka. Praha : Primus, 1996.
=599  \\$axbibl
=650  07$adějiny měst$7ph927609$2czenas
=650  07$apragensia$7ph124542$2czenas
=650  07$ačeští spisovatelé$7ph128175$2czenas
=651  \4$aPraha$xOPRAVA UCL
=655  \7$apopulárně-naučné publikace$7fd131864$2czenas
=910  \\$aABB060
=964  \\$a02.06
=964  \\$a03.01
=964  \\$aB80
=995  \\$aČeská Literární Bibliografie
=FMT  BK
=OWN  \\$aUCLA
=SIF  \\$ass

