=LDR  03586nam a22005774a 4500
=001  001558454
=003  CZ\PrUCL
=005  20180814140153.0
=008  161221s1995\\\\xr\\\\\\\\\\\\|||\||cze\d
=035  \\$a(ISIS-B80-ID)B9047114
=035  \\$a(ISIS-B80-MFN)94455
=040  \\$aABB060$bcze
=080  \\$a(048.8)$2MRF
=100  1\$aTichý, Vítězslav$d(1904-1962)$7jk01132450$1http://viaf.org/viaf/5621857
=245  10$aCasanova v Čechách :$b(Poslední léta v Duchcově 1785-1798.) /$cVítězslav Tichý ; medailon o autorovi Vítězslav Tichý (s. 207-209) napsal Pavel Koukal ; doslov Co víme nového o pobytu G. Casanovy v Čechách (s. 229-238) napsali Josef Polišenský, Marco Leeflang.
=250  \\$a2. vyd.
=260  \\$aDuchcov :$bKapucín, nakladatelství Společnosti přátel Duchcova,$c1995.
=300  \\$a248 s.
=380  \\$iMajor genre$aSecondary literature$leng
=500  \\$a1.vyd. 1958.
=520  2\$aMonografie, mj. s kapitolami: Casanova, Da Ponte a W. A. Mozart (s. 90-112, mj. o Casanovově podílu na libretu k opeře Don Giovanni); Casanovovy literární práce v Duchcově (s. 113-146, mj. o dílech: Můj útěk, Icosameron); "Paměti", jejich vznik, "Paměti" ukončeny či neukončeny? (s. 147-168); Casanova v české literatuře (s. 181-194, o zmínkách o Casanovovi mj. u: Kollár Jan, Neruda Jan, Jirásek Alois, Kamper Jaroslav, Kašpar Václav); s medailonem o casanovském badateli: Marr Bernhard Učený Bernhard Marr (s. 239-241, napsal: Koukal Pavel).
=524  \\$aTICHÝ, Vítězslav - KOUKAL, Pavel - POLIŠENSKÝ, Josef et al.: Casanova v Čechách : (Poslední léta v Duchcově 1785-1798. ). Doslov Co víme nového o pobytu G. Casanovy v Čechách napsali Josef Polišenský, Marco Leeflang. Duchcov : Kapucín, nakladatelství Společnosti přátel Duchcova, 1995.
=599  \\$axbibl
=600  17$aCasanova, Giacomo$d(1725-1798)$7jn19981000450$2czenas$1http://viaf.org/viaf/61543231
=600  17$aDa Ponte, Lorenzo$d(1749-1838)$7jn19981000548$2czenas$1http://viaf.org/viaf/41838569
=600  17$aJirásek, Alois$d(1851-1930)$7jk01051816$2czenas$1http://viaf.org/viaf/34469656
=600  17$aKamper, Jaroslav$d(1871-1911)$7jk01052822$2czenas$1http://viaf.org/viaf/72392611
=600  17$aKašpar, Václav$d(1894-1941)$7jk01053203$2czenas$1http://viaf.org/viaf/53990557
=600  17$aKollár, Ján$d(1793-1852)$7jk01061359$2czenas$1http://viaf.org/viaf/12336405
=600  17$aKoukal, Pavel$d(1944-2014)$7jk01062303$2czenas$1http://viaf.org/viaf/70254435
=600  17$aMarr, Bernhard$d(1856-1940)$7xx0044333$2czenas$1http://viaf.org/viaf/85580915
=600  17$aMozart, Wolfgang Amadeus$d(1756-1791)$7jn19990005867$2czenas$1http://viaf.org/viaf/32197206
=600  17$aNeruda, Jan$d(1834-1891)$7jk01083209$2czenas$1http://viaf.org/viaf/41915819
=650  07$aitalská literatura$7ph121234$2czenas
=650  07$aliterární komparatistika$7ph137146$2czenas
=650  \7$aItalian literature$2ELB-n
=655  \7$amonografie$7fd132842$2czenas
=700  1\$aKoukal, Pavel$d(1944-2014)$4edt$7jk01062303$1http://viaf.org/viaf/70254435
=700  1\$aLeeflang, Marco$4aft$7jcu2011664718$1http://viaf.org/viaf/2495648
=700  1\$aPolišenský, Josef$d(1915-2001)$4aft$7jk01100497$1http://viaf.org/viaf/109030663
=787  08$aCasanova, Giacomo$tMůj útěk$4próza
=787  08$aCasanova, Giacomo$tPaměti$4paměti
=910  \\$aABB060
=964  \\$a02.07
=964  \\$a04.10
=964  \\$a05
=964  \\$aB80
=995  \\$aČeská Literární Bibliografie
=FMT  BK
=OWN  \\$aUCLA
=SIF  \\$ass

