=LDR  01875nam a22004214a 4500
=001  001558455
=003  CZ\PrUCL
=005  20210309111916.0
=008  170104s1995\\\\xr\\\\\\\\\\\\|||\||cze\d
=035  \\$a(ISIS-B80-ID)B9047115
=035  \\$a(ISIS-B80-MFN)94456
=040  \\$aABB060$bcze
=044  \\$axr$ait
=080  \\$a(048.8)$2MRF
=100  1\$aPoláková, Jolana$d(1951- )$7jn20001227504$4aut$1http://viaf.org/viaf/266422157
=245  10$aPerspektiva naděje :$bHledání transcendence v postmoderní době /$cJolana Poláková ; předmluvu Úvodem (s. 7-10) napsal Karel Vrána.
=260  \\$aPraha :$bVyšehrad ;$aŘím :$bKřesťanská akademie,$c1995.
=300  \\$a128 s.
=380  \\$iMajor genre$aSecondary literature$leng
=490  1\$aStudium ;$vč. 56
=520  2\$aStudie, s oddíly: Dva ustavující pohyby postmoderní doby; Transcendence v evropské filozofii; Dominanta postmoderní spirituality; hledání; Reletivní transcendence; Absolutní transcendence; Hlavní rozcestí postmoderní spirituality; Filozofie transcendence a postmoderní spiritualita; se soupisem literatury (s. 120-128).
=524  \\$aPOLÁKOVÁ, Jolana - VRÁNA, Karel: Perspektiva naděje : Hledání transcendence v postmoderní době. Předmluvu Úvodem napsal Karel Vrána. Praha : Vyšehrad ; Řím : Křesťanská akademie, 1995.
=599  \\$axbibl
=650  07$afilozofie$7ph114540$2czenas
=650  07$apostmodernismus$7ph124403$2czenas
=650  07$aspiritualita$7ph116237$2czenas
=650  07$atranscendence$7ph136913$2czenas
=655  \7$astudie$7fd133597$2czenas
=700  1\$aVrána, Karel$d(1925-2004)$4aui$7jn19981002366$1http://viaf.org/viaf/31097822
=830  \0$aStudium
=910  \\$aABB060
=964  \\$a01
=964  \\$a02.06
=964  \\$aB80
=995  \\$aČeská Literární Bibliografie
=FMT  BK
=OWN  \\$aUCLA
=SIF  \\$ass

