=LDR  02088nam a22004334a 4500
=001  001558456
=003  CZ\PrUCL
=005  20210305131259.0
=008  170104s1995\\\\xr\\\\\\\\\\\\|||\||cze\d
=035  \\$a(ISIS-B80-ID)B9047116
=035  \\$a(ISIS-B80-MFN)94457
=040  \\$aABB060$bcze
=041  1\$acze$heng
=080  \\$a(048.8)$2MRF
=100  1\$aGablik, Suzi$d(1934- )$7skuk0000443$4aut$1http://viaf.org/viaf/51839388
=245  10$aSelhala moderna? /$cSuzi Gabliková ; z anglického originálu Has Modernism Failed? (London, Thames and Hudson 1985) přeložil S. M. Blumfeld ; odborná spolupráce Petr Jochmann ; doslov Příběh moderního umění (s. 144-147) napsal Petr Šaradín.
=260  \\$aOlomouc :$bVotobia,$c1995.
=300  \\$a160 s.
=380  \\$iMajor genre$aSecondary literature$leng
=520  2\$aSoubor analýz americké kritičky, s kapitolami: Úvod - Na sklonku moderní doby; Individualismus - Umění pro umění nebo umění pro společnost?; Znepokojující objekty - Způsoby kulturní rezistence; Byrokratizace - Smrt avantgardy; Pluralismus - Tyranie svobody; Sekularismus - Umění zbavené iluzí; Grafitti - Z tunelů metra do galerií; Selhala moderna?; se soupisem použité literatury, s jmenným rejstříkem.
=524  \\$aGABLIK, Suzi - BLUMFELD, S. M. - JOCHMANN, Petr et al.: Selhala moderna?. Doslov Příběh moderního umění napsal Petr Šaradín. Olomouc : Votobia, 1995.
=599  \\$axbibl
=650  07$amodernismus$7ph122934$2czenas
=650  07$aumělecká avantgarda$7ph126877$2czenas
=650  07$aumění a náboženství$7ph158326$2czenas
=655  \7$astudie$7fd133597$2czenas
=700  1\$aBlumfeld, S. M$d(1955- )$4trl$7jo20010086750$1http://viaf.org/viaf/77484802
=700  1\$aJochmann, Petr$d(1951- )$4adp$7jn19981001575$1http://viaf.org/viaf/96705667
=700  1\$aŠaradín, Petr$4aft
=910  \\$aABB060
=964  \\$a01
=964  \\$a02.01
=964  \\$a02.06
=964  \\$a04.01.04
=964  \\$aB80
=995  \\$aČeská Literární Bibliografie
=FMT  BK
=OWN  \\$aUCLA
=SIF  \\$ass

