=LDR  05115nam a22007574a 4500
=001  001558457
=003  CZ\PrUCL
=005  20200827121649.0
=008  170104s1995\\\\xr\\\\\\\\\\\\|||\||cze\d
=035  \\$a(ISIS-B80-ID)B9047117
=035  \\$a(ISIS-B80-MFN)94458
=040  \\$aABB060$bcze
=080  \\$a(048.8)$2MRF
=080  \\$a(082)$2MRF
=245  00$aKritika literatury pro děti a mládež (1945-1995) :$bSborník příspěvků z konference /$cpředmluvu (s. 3) napsal Jiří Poláček.
=260  \\$aBrno :$bÚstav literatury pro mládež Masarykovy univerzity,$c1995.
=300  \\$a80 s.
=380  \\$iMajor genre$aSecondary literature$leng
=380  \\$iMajor genre$aLiterature$leng
=381  \\$iMajor genre$aOther$leng
=520  2\$aSborník z celostátní vědecké konference konané 19. dubna 1995 na Pedagogické fakultě MU v Brně, s příspěvky: Vařejková Věra, Meditace nad problematikou kritiky literatury pro mládež (s. 5-17); Zapletal Zdeněk, Dětská knížka a její kritika nemají na růžích ustláno (s. 17-21); Poláček Jiří, Kritika dětské literatury v denním tisku: realita a sen (s. 22-23); Gebhartová Vladimíra, Reflexe o vývoji a současném stavu nejen kritiky literatury pro děti a mládež (s. 24-26); Toman Jaroslav, Kritika literatury pro děti a mládež ve Zlatém máji 90. let (s. 27-35, Zlatý máj); Žemberová Viera, Reflexia v kritickej praxi (s. 37-39); Urbanová Svatava, K východiskům kritiky literatury pro mládež aneb Úskalí normativnosti (s. 40-51); Sieglová Naděžda, Vladimír Nezkusil - třicet let s literaturou pro mládež (s. 53-58, Nezkusil Vladimír); Vlašínová Drahomíra, František Tenčík mezi teorií a tvorbou (s. 59-63, Tenčík František); Pavera Libor, Kritika a teorie literatury pro děti a mládež v díle J. Hrabáka (s. 63-68, Hrabák Josef); Hetych Josef, Prózy Jaroslava Foglara ve světle poválečné kritiky (s. 68-73); Kovalčík Zdeněk, Několik poznámek k literatuře pro děti a mládež s náboženskou tematikou (s. 74-80, zejména ke kritickému hodnocení adaptací biblických příběhů z konce 30. let: Olbracht Ivan, Biblické příběhy; Durych Jaroslav, Z růže kvítek vykvet nám - obě Praha, Melantrich 1939, edice Pokladnice královská).
=524  \\$aPOLÁČEK, Jiří: Kritika literatury pro děti a mládež (1945-1995) : Sborník příspěvků z konference. Brno : Ústav literatury pro mládež Masarykovy univerzity, 1995.
=599  \\$axbibl
=600  14$aPoláček, Jiří$xOPRAVA UCL
=600  14$aZapletal, Zdeněk$xOPRAVA UCL
=600  17$aDurych, Jaroslav$d(1886-1962)$7jk01023358$2czenas$1http://viaf.org/viaf/66496121
=600  17$aGebhartová, Vladimíra$d(1931-2018)$7jk01032057$2czenas$1http://viaf.org/viaf/48947991
=600  17$aHetych, Josef$d(1943- )$7jo2007376685$2czenas$1http://viaf.org/viaf/84190115
=600  17$aHrabák, Josef$d(1912-1987)$7jk01042553$2czenas$1http://viaf.org/viaf/110979326
=600  17$aKovalčík, Zdeněk$d(1952- )$7xx0095274$2czenas$1http://viaf.org/viaf/88575538
=600  17$aNezkusil, Vladimír$d(1935-2009)$7jk01090157$2czenas$1http://viaf.org/viaf/60081606
=600  17$aOlbracht, Iván$d(1882-1952)$7jk01091013$2czenas$1http://viaf.org/viaf/7423797
=600  17$aPavera, Libor$d(1972- )$7jn20001227312$2czenas$1http://viaf.org/viaf/53806952
=600  17$aSieglová, Naděžda$d(1944- )$7jk01111280$2czenas$1http://viaf.org/viaf/42252207
=600  17$aTenčík, František$d(1912-1974)$7jk01132197$2czenas$1http://viaf.org/viaf/48453438
=600  17$aToman, Jaroslav$d(1941- )$7jn20001005455$2czenas$1http://viaf.org/viaf/84053462
=600  17$aUrbanová, Svatava$d(1946- )$7jn20000620395$2czenas$1http://viaf.org/viaf/24614670
=600  17$aVařejková, Věra$d(1931-2020)$7jk01141631$2czenas$1http://viaf.org/viaf/234122036
=600  17$aVlašínová, Drahomíra$d(1944- )$7jk01150076$2czenas$1http://viaf.org/viaf/17236402
=600  17$aŽemberová, Viera$d(1948- )$7mzk2002105355$2czenas$1http://viaf.org/viaf/32409711
=648  \7$a1941-1950$7ch460582$2czenas
=648  \7$a1951-2000$7ch460577$2czenas
=650  04$aliteratura pro děti$xOPRAVA UCL
=650  04$aliterární historie a kritika$xOPRAVA UCL
=650  04$aliterární časopisy a sborníky$xOPRAVA UCL
=650  04$aliterárněvědné konference$xOPRAVA UCL
=650  04$ačeská literární kritika$xOPRAVA UCL
=650  \7$aChildren's literature$2ELB-g
=655  \7$asborníky$7fd163935$2czenas
=655  \7$astudie$7fd133597$2czenas
=700  1\$aPoláček, Jiří$d(1951- )$4aui$7jk01100127$1http://viaf.org/viaf/50946613
=787  08$aDurych, Jaroslav$tZ růže kvítek vykvet nám$4biblické příběhy
=787  08$aOlbracht, Ivan$tBiblické příběhy$4biblické příběhy
=787  08$tZlatý máj$4časopis
=910  \\$aABB060
=964  \\$a02.03
=964  \\$a02.05
=964  \\$a02.10.02
=964  \\$a02.11
=964  \\$a03.10.06
=964  \\$a03.16.06
=964  \\$aB80
=995  \\$aČeská Literární Bibliografie
=FMT  BK
=OWN  \\$aUCLA
=SIF  \\$ass

