=LDR  01627nam a22004934a 4500
=001  001558458
=003  CZ\PrUCL
=005  20210315195129.0
=008  170104s1995\\\\xr\\\\\\\\\\\\|||\||cze\d
=035  \\$a(ISIS-B80-ID)B9047118
=035  \\$a(ISIS-B80-MFN)94459
=040  \\$aABB060$bcze
=080  \\$a(0:82-94)$2MRF
=100  1\$aMládek, Ivan$d(1942- )$7jk01081874$4aut$1http://viaf.org/viaf/83601398
=245  10$aBanjo Band Story /$cIvan Mládek.
=260  \\$aPraha :$bBlízká setkání,$c1995.
=300  \\$a116 s.
=380  \\$iMajor genre$aLiterature$leng
=381  \\$iMajor genre$aOther$leng
=520  2\$aKniha vzpomínek na založení a historii Banjo Bandu Ivana Mládka; s diskografií (s. 113-116).
=524  \\$aMLÁDEK, Ivan: Banjo Band Story. Praha : Blízká setkání, 1995.
=599  \\$axbibl
=600  17$aMládek, Ivan$d(1942- )$7jk01081874$2czenas$1http://viaf.org/viaf/83601398
=610  27$aBanjo Band Ivana Mládka$7kn20010709239$2czenas
=648  \7$a1971-1980$7ch460585$2czenas
=648  \7$a1981-1990$7ch460586$2czenas
=650  07$ahudba a literatura$7ph114720$2czenas
=650  07$ahudba$7ph114719$2czenas
=650  07$aosobnosti$7ph115615$2czenas
=650  07$apísňové texty$7ph124876$2czenas
=650  07$ačeská literatura$7ph116858$2czenas
=650  \7$aSong$2ELB-g
=650  \7$aCzech literature$2ELB-n
=655  \7$apaměti$7fd132997$2czenas
=910  \\$aABB060
=964  \\$a02.06
=964  \\$a03.13
=964  \\$a03.14
=964  \\$a05
=964  \\$aB80
=995  \\$aČeská Literární Bibliografie
=FMT  BK
=OWN  \\$aUCLA
=SIF  \\$ass

