=LDR  01876nam a22004694a 4500
=001  001558459
=003  CZ\PrUCL
=005  20190725121205.0
=008  170104s1995\\\\xr\\\\\\\\\\\\|||\||cze\d
=035  \\$a(ISIS-B80-ID)B9047119
=035  \\$a(ISIS-B80-MFN)94460
=040  \\$aABB060$bcze
=080  \\$a(082)$2MRF
=100  1\$aThiele, Vladimír$d(1921-1997)$7jk01132344$4aut$1http://viaf.org/viaf/61588834
=245  10$aMark Twain zblízka /$cVladimír Thiele ; ediční poznámku (s. 194) napsala Ninon Erbenová.
=260  \\$aHronov :$bLORS,$c1995.
=300  \\$a199 s.
=380  \\$iMajor genre$aLiterature$leng
=381  \\$iMajor genre$aOther$leng
=490  1\$aÚsměvy ;$vsv. 2
=500  \\$aPři opravě záznamu - nejspíše došlo při zápisu chybě, předmluvu napsal Thiele Vladimír.
=500  \\$aV tiráži s podtitulem Posbírané úsměvy ze života nejznámějšího amerického spisovatele a humoristy.
=520  2\$aPředmluvu napsali: Thiele Václav, Pár slov o něm (s. 9-11); Smrž Vladimír, ...a pár slov o jeho humoru (s. 12-16).
=524  \\$aTHIELE, Vladimír - ERBENOVÁ, Ninon: Mark Twain zblízka. Ediční poznámku napsala Ninon Erbenová. Hronov : LORS, 1995.
=599  \\$axbibl
=600  17$aSmrž, Vladimír$7jn20020522007$2czenas$1http://viaf.org/viaf/84085088
=600  17$aTwain, Mark$d(1835-1910)$7jn19981002263$2czenas$1http://viaf.org/viaf/50566653
=650  07$aanglicky psaná próza$7ph118434$2czenas
=650  07$aosobnosti$7ph115615$2czenas
=650  \7$aEnglish literature$2ELB-n
=651  \4$aUSA$xOPRAVA UCL
=655  \7$asborníky$7fd163935$2czenas
=700  1\$aErbenová, Ninon$4edt$xOPRAVA UCL
=830  \0$aÚsměvy
=910  \\$aABB060
=964  \\$a04.01.02
=964  \\$a05
=964  \\$aB80
=995  \\$aČeská Literární Bibliografie
=FMT  BK
=OWN  \\$aUCLA
=SIF  \\$ass

