=LDR  01804nam a22004334a 4500
=001  001558460
=003  CZ\PrUCL
=008  170104s1994\\\\xr\\\\\\\\\\\\|||\||cze\d
=035  \\$a(ISIS-B80-ID)B9047120
=035  \\$a(ISIS-B80-MFN)94461
=040  \\$aABB060$bcze
=080  \\$a(035)$2MRF
=100  1\$aVařejková, Věra$d(1931-2020)$7jk01141631$4aut$1http://viaf.org/viaf/234122036
=245  10$aČeská próza s dívčí hrdinkou :$bDíl 1. Tematický sešit - český jazyk /$cVěra Vařejková
=260  \\$aOstrava :$bAteliér Milata,$c1994
=300  \\$a22 s.
=380  \\$iMajor genre$aSecondary literature$leng
=490  1\$aScholaforum
=520  2\$aS kapitolkami: Specifikace odborného názvu; Historické a druhové souvislosti (Souvislosti s českou neintencionální prózou s dívčí postavou, Souvislosti se vzdálenou minulostí, Hierarchizace ve vývoji prózy pro ženy a dívky); Poválečná česká próza s dívčí hrdinkou (Podnět Heleny Šmahelové {Šmahelová Helena}, Diferenciace próz s dívčí hrdinkou).
=524  \\$aVAŘEJKOVÁ, Věra: Česká próza s dívčí hrdinkou : Díl 1. Tematický sešit - český jazyk. Ostrava : Ateliér Milata, 1994.
=599  \\$axbibl
=600  14$aŠmahelová, Helena$xOPRAVA UCL
=650  04$aromány$xOPRAVA UCL
=650  04$aučebnice, slovníky a příručky$xOPRAVA UCL
=650  07$adějiny české literatury$7ph483973$2czenas
=650  07$anaratologie$7ph500243$2czenas
=650  \7$aNovel$2ELB-g
=650  \7$aCzech literature$2ELB-n
=655  \7$apříručky$7fd133209$2czenas
=830  \0$aScholaforum
=910  \\$aABB060
=964  \\$a02.02.02
=964  \\$a02.12.04
=964  \\$a03.01
=964  \\$aB80
=995  \\$aČeská Literární Bibliografie
=FMT  BK
=OWN  \\$aUCLA
=SIF  \\$ass

