=LDR  01845nam a22004694a 4500
=001  001558461
=003  CZ\PrUCL
=008  170104s1995\\\\xr\\\\\\\\\\\\|||\||cze\d
=035  \\$a(ISIS-B80-ID)B9047121
=035  \\$a(ISIS-B80-MFN)94462
=040  \\$aABB060$bcze
=080  \\$a(035)$2MRF
=100  1\$aVařejková, Věra$d(1931-2020)$7jk01141631$4aut$1http://viaf.org/viaf/234122036
=245  10$aČeská próza s dívčí hrdinkou :$bDíl 2. Tematický sešit - český jazyk /$cVěra Vařejková
=260  \\$aOstrava :$bAteliér Milata,$c1995
=300  \\$a22 s.
=380  \\$iMajor genre$aSecondary literature$leng
=490  1\$aScholaforum
=520  2\$aS kapitolkami: Dvacetiletí kvantitativního růstu (Ediční iniciativa Albatrosu, Přínos brněnských autorů, Úspěchy a úskalí); Dívčí román redivivus (Invaze substandardních textů, Opora v hodnotné tvorbě, Prózy o dívkách našich snů); Závěrečná úvaha, převážně terminologická.
=524  \\$aVAŘEJKOVÁ, Věra: Česká próza s dívčí hrdinkou : Díl 2. Tematický sešit - český jazyk. Ostrava : Ateliér Milata, 1995.
=599  \\$axbibl
=610  24$aAlbatros$xOPRAVA UCL
=650  04$anakladatelské otázky$xOPRAVA UCL
=650  04$aromány$xOPRAVA UCL
=650  04$aučebnice, slovníky a příručky$xOPRAVA UCL
=650  07$adějiny české literatury$7ph483973$2czenas
=650  07$anaratologie$7ph500243$2czenas
=650  07$aterminologie$7ph138997$2czenas
=650  \7$aNovel$2ELB-g
=650  \7$aCzech literature$2ELB-n
=655  \7$apříručky$7fd133209$2czenas
=830  \0$aScholaforum
=910  \\$aABB060
=964  \\$a02.02.02
=964  \\$a02.09.01
=964  \\$a02.12.04
=964  \\$a03.01
=964  \\$aB80
=995  \\$aČeská Literární Bibliografie
=FMT  BK
=OWN  \\$aUCLA
=SIF  \\$ass

