=LDR  04635nam a22007694a 4500
=001  001558473
=003  CZ\PrUCL
=005  20201217203925.0
=008  161122s1995\\\\xr\\\\\\\\\\\\|||\||cze\d
=035  \\$a(ISIS-B80-ID)B9047133
=035  \\$a(ISIS-B80-MFN)94474
=040  \\$aABB060$bcze
=080  \\$a(035)$2MRF
=100  1\$aChmelíková, Věra$d(1953- )$7ola2003206287$4aut$1http://viaf.org/viaf/85004023
=245  10$aLiteratura pro děti a mládež :$b(Texty pro literární rozbor.) /$cVěra Chmelíková.
=260  \\$aPlzeň :$bZápadočeská univerzita, Pedagogická fakulta,$c1995.
=300  \\$a113 s. Rozmnoženo.
=380  \\$iMajor genre$aSecondary literature$leng
=500  \\$aUrčeno studujícím 3. ročníku učitelství 1. stupně.
=520  2\$aS úvodem Obecná charakteristika žánrů v literatuře pro děti a mládež a s oddíly: Pohádka, Bajka, Pověst, Próza, Comisc, Poezie (vždy s obecným úvodem k charakteristice a vývoji žánru a s otázkami a náměty pro práci s textem); Stručný nárys vývoje české literatury pro děti od doby národního obrození; s medailony autorů vybraných textů (s. 95-112): Aškenazy Ludvík, Hiršal Josef, Hulpach Vladimír, Cibula Václav, Čivrný Lumír, Dvořák Ladislav, Skácel Jan, Šrut Pavel; Baar Jindřich Šimon, Brukner Josef, Čtvrtek Václav, Erben Karel Jaromír, Hruška Jan František, Kajer Jiří, Kainar Josef, Karafiát Jan, Němcová Božena, Petiška Eduard, Rais Karel Václav, Sládek Josef Václav, Vinařický Karel Alois.
=524  \\$aCHMELÍKOVÁ, Věra: Literatura pro děti a mládež : (Texty pro literární rozbor. ). Plzeň : Západočeská univerzita, Pedagogická fakulta, 1995.
=599  \\$axbibl
=600  14$aKarafiát, Jan$xOPRAVA UCL
=600  14$aNěmcová, Božena$d(1820-1862)$xOPRAVA UCL$1http://viaf.org/viaf/56763450
=600  17$aAškenazy, Ludvík$d(1921-1986)$7jk01010398$2czenas$1http://viaf.org/viaf/59118946
=600  17$aBaar, Jindřich Šimon$d(1869-1925)$7jk01010468$2czenas$1http://viaf.org/viaf/54946709
=600  17$aBrukner, Josef$d(1932-2015)$7jk01013304$2czenas$1http://viaf.org/viaf/12459159
=600  17$aCibula, Václav$d(1925-2009)$7jk01020636$2czenas$1http://viaf.org/viaf/89808540
=600  17$aDvořák, Ladislav$d(1920-1983)$7jk01030164$2czenas$1http://viaf.org/viaf/292812511
=600  17$aErben, Karel Jaromír$d(1811-1870)$7jk01030532$2czenas$1http://viaf.org/viaf/54147355
=600  17$aHiršal, Josef$d(1920-2003)$7jk01041094$2czenas$1http://viaf.org/viaf/36969452
=600  17$aHruška, Jan František$d(1865-1937)$7jk01043033$2czenas$1http://viaf.org/viaf/100648527
=600  17$aHulpach, Vladimír$d(1935- )$7jn20001103804$2czenas$1http://viaf.org/viaf/39378678
=600  17$aKainar, Josef$d(1917-1971)$7jk01052554$2czenas$1http://viaf.org/viaf/20482864
=600  17$aKajer, Jiří$d(1904-1969)$7jk01052575$2czenas$1http://viaf.org/viaf/306138338
=600  17$aPetiška, Eduard$d(1924-1987)$7jk01092720$2czenas$1http://viaf.org/viaf/73927668
=600  17$aRais, Karel Václav$d(1859-1926)$7jk01101955$2czenas$1http://viaf.org/viaf/50033731
=600  17$aSkácel, Jan$d(1922-1989)$7jk01111393$2czenas$1http://viaf.org/viaf/115824377
=600  17$aSládek, Josef Václav$d(1845-1912)$7jk01111743$2czenas$1http://viaf.org/viaf/40174607
=600  17$aVinařický, Karel Alois$d(1803-1869)$7jk01142412$2czenas$1http://viaf.org/viaf/37280683
=600  17$aČivrný, Lumír$d(1915-2001)$7jk01021853$2czenas$1http://viaf.org/viaf/35347438
=600  17$aČtvrtek, Václav$d(1911-1976)$7jk01021929$2czenas$1http://viaf.org/viaf/41873407
=600  17$aŠrut, Pavel$d(1940-2018)$7jk01131041$2czenas$1http://viaf.org/viaf/44552314
=650  04$abajky$xOPRAVA UCL
=650  04$acomics$xOPRAVA UCL
=650  04$adějiny české literatury pro děti$xOPRAVA UCL
=650  04$aliteratura pro děti$xOPRAVA UCL
=650  04$aučebnice, slovníky a příručky$xOPRAVA UCL
=650  04$ažánry$xOPRAVA UCL
=650  07$apohádky$7ph124208$2czenas
=650  07$apověsti$7ph124458$2czenas
=650  \7$aFable$2ELB-g
=650  \7$aCzech literature$2ELB-n
=650  \7$aChildren's literature$2ELB-g
=650  \7$aFairy tale$2ELB-g
=650  \7$aLegend$2ELB-g
=655  \7$apříručky$7fd133209$2czenas
=710  2\$aZápadoceská Univerzita (Plzen) / Pedagogická Fakulta$1http://viaf.org/viaf/1133145857084322921701
=910  \\$aABB060
=964  \\$a02.03
=964  \\$a02.12.04
=964  \\$a03.01.07
=964  \\$aB80
=995  \\$aČeská Literární Bibliografie
=FMT  BK
=OWN  \\$aUCLA
=SIF  \\$ass

