=LDR  01939nam a22005414a 4500
=001  001558511
=003  CZ\PrUCL
=005  20161220000000.0
=008  020404s1995\\\\xr\\\\\\\\\\\\|||\||cze\d
=035  \\$a(ISIS-B80-ID)B9047171
=035  \\$a(ISIS-B80-MFN)94512
=040  \\$aABB060$bcze
=080  \\$a(01)$2MRF
=080  \\$a(048.8)$2MRF
=100  1\$aVařejková, Věra$d(1931-2020)$7jk01141631$4aut$1http://viaf.org/viaf/234122036
=245  10$aPohádkové Fimfárum Jana Wericha /$cVěra Vařejková
=260  \\$aBrno :$bMasarykova univerzita,$c1995
=300  \\$a67 s.
=380  \\$iMajor genre$aSecondary literature$leng
=490  1\$aMalá teoretická řada literatury pro mládež ;$vč. 6
=490  1\$aSpisy Pedagogické fakulty MU v Brně ;$vč. 61
=520  2\$aStudie; s komentovaným přehledem sedmi vydání Fimfára (s. 52-53).
=524  \\$aVAŘEJKOVÁ, Věra: Pohádkové Fimfárum Jana Wericha. Brno : Masarykova univerzita, 1995.
=599  \\$axbibl
=600  17$aWerich, Jan$d(1905-1980)$7jk01151601$2czenas$1http://viaf.org/viaf/56658458
=648  \7$a1951-2000$7ch460577$2czenas
=650  04$aliterární bibliografie a různé soupisy$xOPRAVA UCL
=650  04$ačeská literatura pro děti$xOPRAVA UCL
=650  07$aosobnosti$7ph115615$2czenas
=650  07$apohádky$7ph124208$2czenas
=650  \7$aCzech literature$2ELB-n
=650  \7$aChildren's literature$2ELB-g
=650  \7$aFairy tale$2ELB-g
=655  \7$abibliografie$7fd131898$2czenas
=655  \7$astudie$7fd133597$2czenas
=787  08$aWerich, Jan$tFimfárum$4kniha pohádek
=830  \0$aMalá teoretická řada literatury pro mládež
=830  \0$aSpisy Pedagogické fakulty MU v Brně
=910  \\$aABB060
=964  \\$a02.12.01
=964  \\$a03.16.07
=964  \\$a05
=964  \\$aB80
=995  \\$aČeská Literární Bibliografie
=FMT  BK
=OWN  \\$aUCLA
=SIF  \\$ass
=ZAR  \\$hkniha pohádek

