=LDR  01806nam a22005174a 4500
=001  001558512
=003  CZ\PrUCL
=005  20190612090313.0
=008  150407s1994\\\\xr\\\\\\\\\\\\|||\||cze\d
=035  \\$a(ISIS-B80-ID)B9047172
=035  \\$a(ISIS-B80-MFN)94513
=040  \\$aABB060$bcze
=080  \\$a(01)$2MRF
=080  \\$a(048.8)$2MRF
=100  1\$aVařejková, Věra$d(1931-2020)$7jk01141631$4aut$1http://viaf.org/viaf/234122036
=245  10$aPohádky Karla Čapka /$cVěra Vařejková.
=260  \\$aBrno :$bMasarykova univerzita,$c1994.
=300  \\$a27 s.
=380  \\$iMajor genre$aSecondary literature$leng
=490  1\$aMalá teoretická řada literatury pro mládež ;$vč. 5
=490  1\$aSpisy Pedagogické fakulty MU v Brně ;$vč. 55
=520  2\$aStudie; s chronologickým soupisem 11 Čapkových pohádek (s. 19-20).
=524  \\$aVAŘEJKOVÁ, Věra: Pohádky Karla Čapka. Brno : Masarykova univerzita, 1994.
=599  \\$axbibl
=600  17$aČapek, Karel$d(1890-1938)$7jk01021023$2czenas$1http://viaf.org/viaf/34454129
=648  \7$a1901-1950$7ch460576$2czenas
=650  04$aliteratura pro děti$xOPRAVA UCL
=650  04$ačeská literatura pro děti$xOPRAVA UCL
=650  07$aosobnosti$7ph115615$2czenas
=650  07$apohádky$7ph124208$2czenas
=650  \7$aChildren's literature$2ELB-g
=650  \7$aCzech literature$2ELB-n
=650  \7$aFairy tale$2ELB-g
=655  \7$abibliografie$7fd131898$2czenas
=655  \7$astudie$7fd133597$2czenas
=830  \0$aMalá teoretická řada literatury pro mládež
=830  \0$aSpisy Pedagogické fakulty MU v Brně
=910  \\$aABB060
=964  \\$a02.03
=964  \\$a03.06.07
=964  \\$a05
=964  \\$aB80
=995  \\$aČeská Literární Bibliografie
=FMT  BK
=OWN  \\$aUCLA
=SIF  \\$ass

