=LDR  01999nam a22004694a 4500
=001  001558884
=003  CZ\PrUCL
=005  20200915143304.0
=008  141215s1990\\\\xr\\\\\\\\\\\\|||\||cze\d
=035  \\$a(ISIS-B80-ID)B90B3002
=035  \\$a(ISIS-B80-MFN)94885
=040  \\$aABB060$bcze
=080  \\$a(01)$2MRF
=080  \\$a(0:82-94)$2MRF
=245  00$aRůžena Svobodová :$b*10.7.1868 - +1.1.1920.
=260  \\$aZnojmo :$bOkresní knihovna,$c1990.
=300  \\$a8 s. Rozmnoženo.
=380  \\$iMajor genre$aSecondary literature$leng
=380  \\$iMajor genre$aLiterature$leng
=381  \\$iMajor genre$aOther$leng
=490  1\$aVelká bibliografická řada
=500  \\$aB. d. - Určeno pro vnitřní potřebu knihoven. Neprodejné.
=520  2\$aS úvodním medailónkem (s. 1-4), s citáty Řekli o R. S. (s. 5, výroky: Pujmanová Marie, Šalda František Xaver, Benešová Božena); se soupisy: Bibliografie díla R. Svobodové (s. 6), Díla zařazená do regionálního fondu Okresní knihovny ve Znojmě (s. 7-8).
=524  \\$aRůžena Svobodová : *10. 7. 1868 - +1. 1. 1920. Znojmo : Okresní knihovna, 1990.
=599  \\$axbibl
=600  14$aSvobodová, Růžena$d(1868-1920)$xOPRAVA UCL$1http://viaf.org/viaf/50749113
=600  17$aBenešová, Božena$d(1873-1936)$7jk01011657$2czenas$1http://viaf.org/viaf/30330541
=600  17$aPujmanová, Marie$d(1893-1958)$7jk01101703$2czenas$1http://viaf.org/viaf/3697562
=600  17$aŠalda, F. X. (František Xaver)$q(František Xaver),$d(1867-1937)$7jk01122425$2czenas$1http://viaf.org/viaf/14783197
=650  04$aliterární bibliografie a různé soupisy$xOPRAVA UCL
=650  07$aosobnosti$7ph115615$2czenas
=655  \7$abibliografie$7fd131898$2czenas
=655  \7$amedailony$7fd185951$2czenas
=830  \0$aVelká bibliografická řada
=910  \\$aABB060
=964  \\$a02.12.01
=964  \\$a05
=964  \\$aB80
=995  \\$aČeská Literární Bibliografie
=FMT  BK
=OWN  \\$aUCLA
=SIF  \\$ass

