=LDR  01958nam a22004694a 4500
=001  001559748
=003  CZ\PrUCL
=005  20200430222055.0
=008  170104s1996\\\\xr\\\\\\\\\\\\|||\||cze\d
=015  \\$acnb000120632
=020  \\$a80-85636-45-X
=035  \\$a(ISIS-B80-ID)B9047604
=035  \\$a(ISIS-B80-MFN)95749
=040  \\$aABB060$bcze
=072  \7$a929$xBiografie$2Konspekt$98
=080  \\$a(092)$2MRF
=100  1\$aJílek, František$d(1924- )$7xx0144598$4aut$1http://viaf.org/viaf/231324803
=245  10$aCasanova :$bmuž se špatnou pověstí /$cFrantišek Jílek ; autorsky spolupracovala Jaroslava Jílková.
=260  \\$aPraha :$bŠulc a spol,$c1996.
=300  \\$a512 s.
=380  \\$iMajor genre$aLiterature$leng
=381  \\$iMajor genre$aFiction$leng
=520  2\$aŽivotopisný román; s úvodem Svědek Velkého století; s úvodní kapitolou Prolog aneb Casanovova svatba a s kapitolami: Bláznivé benátské mládí; Pouť do Věčného města; Kastráti, pašové a harémy; Stanu se přes noc bohatcem; Miláček Paříže; Harlekýn a princezna.
=524  \\$aJÍLEK, František - JÍLKOVÁ, Jaroslava: Casanova : muž se špatnou pověstí. Autorsky spolupracovala Jaroslava Jílková. Praha : Šulc a spol, 1996.
=599  \\$axbibl
=600  17$aCasanova, Giacomo$d(1725-1798)$7jn19981000450$2czenas$1http://viaf.org/viaf/61543231
=650  07$aitalská literatura$7ph121234$2czenas
=650  07$aitalští spisovatelé$7ph121252$2czenas
=650  07$ačeská próza$7ph116861$2czenas
=650  \7$aItalian literature$2ELB-n
=650  \7$aCzech literature$2ELB-n
=655  \7$abiografické romány$7fd131905$2czenas
=700  1\$aJílková, Jaroslava$d(1939- )$4adp$7jk01051717$1http://viaf.org/viaf/3514601
=910  \\$aABB060
=964  \\$a03.15.02
=964  \\$a04.10
=964  \\$a05
=964  \\$aB80
=995  \\$aČeská Literární Bibliografie
=FMT  BK
=OWN  \\$aUCLA
=SIF  \\$ass

