=LDR  03031nam a22005774a 4500
=001  001559754
=003  CZ\PrUCL
=005  20200723113049.0
=008  150214s1990\\\\xr\\\\\\\\\\\\|||\||cze\d
=035  \\$a(ISIS-B80-ID)B9047610
=035  \\$a(ISIS-B80-MFN)95755
=040  \\$aABB060$bcze
=080  \\$a(048.8)$2MRF
=100  1\$aVaněčková, Galina$d(1930- )$7xx0053500$4aut$1http://viaf.org/viaf/29947874
=245  10$aPoezija, simvol, perevod /$cGalina Vaněčková.
=260  \\$aPraha :$bUniverzita Karlova,$c1990.
=300  \\$a215 s.
=380  \\$iMajor genre$aSecondary literature$leng
=490  1\$aActa Universitatis Carolinae. Philologica. Monographia ;$vč. 111
=500  \\$aRozmnoženo.
=520  2\$aMonografie; s úvodem a s oddíly: Iz istorii simvola, Poetičeskij simvol i ego suščnosť, Mirovozrenije avtora i poetičeskij simvol (demonstrováno mj. na symbolech O. Březiny, J. Wolkera, V. Nezvala), Process vozniknovenija poetičeskogo simvola, Poetičeskij simvol, znak, obraz, allegorija, poňatije, Mnogoznačnosť v poetičeskom simvole, Tipy poetičeskich simvolov, Poetičeskij simvol i percipient; Perevod poetičeskogo simvola (mj. o překladech K. H. Máchy, V. Nezval, V. Holana do ruštiny), Poetičeskije simvoly Mariny Cvetajevoj, Perevod poetičeskich simvolov M. Cvetajevoj na češskij jazyk (Cvetajeva Marina, zejména o překladech H. Vrbové, J. Štroblové), Zaključenije; se soupisem literatury.
=524  \\$aVANĚČKOVÁ, Galina: Poezija, simvol, perevod. Praha : Univerzita Karlova, 1990.
=599  \\$axbibl
=600  17$aBřezina, Otokar$d(1868-1929)$7jk01020045$2czenas$1http://viaf.org/viaf/44341760
=600  17$aHolan, Vladimír$d(1905-1980)$7jk01041653$2czenas$1http://viaf.org/viaf/12227
=600  17$aMácha, Karel Hynek$d(1810-1836)$7jk01072915$2czenas$1http://viaf.org/viaf/95263761
=600  17$aNezval, Vítězslav$d(1900-1958)$7jk01090162$2czenas$1http://viaf.org/viaf/7402030
=600  17$aT︠S︡vetaeva, Marina$d(1892-1941)$7jn19992000142$2czenas$1http://viaf.org/viaf/27072381
=600  17$aVrbová, Hana$d(1929-1995)$7jk01151014$2czenas$1http://viaf.org/viaf/57032342
=600  17$aWolker, Jiří$d(1900-1924)$7jk01151789$2czenas$1http://viaf.org/viaf/29593281
=600  17$aŠtroblová, Jana$d(1936- )$7jk01131531$2czenas$1http://viaf.org/viaf/269914833
=650  04$adějiny české poezie$xOPRAVA UCL
=650  07$apoetika$7ph117252$2czenas
=650  07$apřekladatelství$7ph124891$2czenas
=650  07$aruská literatura$7ph125327$2czenas
=650  07$asymboly$7ph126351$2czenas
=650  \7$aCzech literature$2ELB-n
=650  \7$aPoetry$2ELB-g
=650  \7$aRussian literature$2ELB-n
=655  \7$astudie$7fd133597$2czenas
=830  \0$aActa Universitatis Carolinae. Philologica. Monographia
=910  \\$aABB060
=964  \\$a02.02.01
=964  \\$a02.08
=964  \\$a03.01.01
=964  \\$a04.23
=964  \\$aB80
=995  \\$aČeská Literární Bibliografie
=FMT  BK
=OWN  \\$aUCLA
=SIF  \\$ass

