=LDR  01572nam a22004094a 4500
=001  001559800
=003  CZ\PrUCL
=008  170104s1993\\\\xr\\\\\\\\\\\\|||\||cze\d
=035  \\$a(ISIS-B80-ID)B9047656
=035  \\$a(ISIS-B80-MFN)95801
=040  \\$aABB060$bcze
=080  \\$a(01)$2MRF
=245  00$aDětská literatura zakázaných autorů :$bPřehled spisovatelů s bibliografií jejich děl /$czpracovala Božena Paleníková
=260  \\$aHradec Králové :$bOkresní knihovna,$c1993
=300  \\$a41 s.
=380  \\$iMajor genre$aSecondary literature$leng
=520  2\$aS úvodem (s. 3) a s bibliografickými údaji o 312 titulech abecedně řazených autorů; s rejstříkem ilustrátorů.
=524  \\$aPALENÍKOVÁ, Božena: Dětská literatura zakázaných autorů : Přehled spisovatelů s bibliografií jejich děl. Hradec Králové : Okresní knihovna, 1993.
=599  \\$axbibl
=648  \7$a1941-1950$7ch460582$2czenas
=648  \7$a1951-2000$7ch460577$2czenas
=650  04$alibri prohibiti$xOPRAVA UCL
=650  04$aliterární bibliografie a různé soupisy$xOPRAVA UCL
=650  04$ačeská literatura pro děti$xOPRAVA UCL
=650  \7$aCzech literature$2ELB-n
=650  \7$aChildren's literature$2ELB-g
=655  \7$abibliografie$7fd131898$2czenas
=700  1\$aPaleníková, Božena$4edt$7jx20031204005$1http://viaf.org/viaf/11847803
=910  \\$aABB060
=964  \\$a02.12.01
=964  \\$a03.10.07
=964  \\$a03.16.07
=964  \\$aB80
=995  \\$aČeská Literární Bibliografie
=FMT  BK
=OWN  \\$aUCLA
=SIF  \\$ass

