=LDR  01547nam a22004094a 4500
=001  001559801
=003  CZ\PrUCL
=008  170104s1995\\\\xr\\\\\\\\\\\\|||\||cze\d
=035  \\$a(ISIS-B80-ID)B9047657
=035  \\$a(ISIS-B80-MFN)95802
=040  \\$aABB060$bcze
=080  \\$a(01)$2MRF
=245  00$aČeská šlechta v krásné literatuře /$czpracovala Božena Paleníková
=260  \\$aHradec Králové :$bOkresní knihovna,$c1995
=300  \\$a44 s.
=380  \\$iMajor genre$aSecondary literature$leng
=520  2\$aBibliografický soupis 130 historických románů a povídek (z let 1945-1994) ze života české šlechty; s úvodem (s. 3), s rejstříkem českých šlechticů s krátkou informací o nich (s. 23-41).
=524  \\$aPALENÍKOVÁ, Božena: Česká šlechta v krásné literatuře. Hradec Králové : Okresní knihovna, 1995.
=599  \\$axbibl
=648  \7$a1941-1950$7ch460582$2czenas
=648  \7$a1951-2000$7ch460577$2czenas
=650  04$aliterární bibliografie a různé soupisy$xOPRAVA UCL
=650  07$ahistorická próza$7ph121204$2czenas
=650  07$ačeská próza$7ph116861$2czenas
=650  07$ašlechta$7ph116832$2czenas
=650  \7$aCzech literature$2ELB-n
=655  \7$abibliografie$7fd131898$2czenas
=700  1\$aPaleníková, Božena$4edt$7jx20031204005$1http://viaf.org/viaf/11847803
=910  \\$aABB060
=964  \\$a02.12.01
=964  \\$a03.10.02
=964  \\$a03.16.02
=964  \\$aB80
=995  \\$aČeská Literární Bibliografie
=FMT  BK
=OWN  \\$aUCLA
=SIF  \\$ass

