=LDR  01512nam a22003734a 4500
=001  001559802
=003  CZ\PrUCL
=005  20171004103233.0
=008  170104s1995\\\\xr\\\\\\\\\\\\|||\||cze\d
=035  \\$a(ISIS-B80-ID)B9047658
=035  \\$a(ISIS-B80-MFN)95803
=040  \\$aABB060$bcze
=080  \\$a(01)$2MRF
=245  00$aHradec Králové v krásné literatuře :$bVýběrová bibliografie /$czpracovala Jarmila Benýšková.
=260  \\$aHradec Králové :$bOkresní knihovna,$c1995.
=300  \\$a44 s.
=380  \\$iMajor genre$aSecondary literature$leng
=520  2\$aBibliografický soupis 200 titulů; s úvodem (s. 3) a s oddíly: Poezie; Romány, povídky, novely; Pověsti; Paměti, vzpomínky, memoáry; Korespondence; Další literární žánry; s autorským rejstříkem.
=524  \\$aBENÝŠKOVÁ, Jarmila: Hradec Králové v krásné literatuře : Výběrová bibliografie. Hradec Králové : Okresní knihovna, 1995.
=599  \\$axbibl
=650  04$aliterární bibliografie a různé soupisy$xOPRAVA UCL
=650  07$adějiny české literatury$7ph483973$2czenas
=650  \7$aCzech literature$2ELB-n
=651  \7$aHradec Králové (Česko)$7ge129332$2czenas
=655  \7$abibliografie$7fd131898$2czenas
=700  1\$aBenýšková, Jarmila$d(1950- )$4edt$7jx20040720048$1http://viaf.org/viaf/20984724
=910  \\$aABB060
=964  \\$a02.12.01
=964  \\$a03.01
=964  \\$aB80
=995  \\$aČeská Literární Bibliografie
=FMT  BK
=OWN  \\$aUCLA
=SIF  \\$ass

