=LDR  03331nam a22004934a 4500
=001  001559818
=003  CZ\PrUCL
=005  20200319120324.0
=008  170104s1996\\\\xr\\\\\\\\\\\\|||\||cze\d
=035  \\$a(ISIS-B80-ID)B9047674
=035  \\$a(ISIS-B80-MFN)95819
=040  \\$aABB060$bcze
=080  \\$a(01)$2MRF
=080  \\$a(083.82)$2MRF
=245  00$aČeský literární almanach /$ck vydání připravil a slovo editora Vážení čtenáři.. . (s. 7-8) napsal Jiří Pánek.
=260  \\$aPraha :$bNakladatelství Dagmar Šmolíková :$bnakladatelství Litera,$c1996.
=300  \\$a308 s.
=380  \\$iMajor genre$aSecondary literature$leng
=380  \\$iMajor genre$aLiterature$leng
=381  \\$iMajor genre$aOther$leng
=520  2\$aRočenka s oddíly: Česká kniha (s. 9-66, mj. s texty: Císař Jaroslav, Situace v české knižní kultuře a Ministerstvo kultury ČR; Wolfová Eva, Památník národního písemnictví; Bergerová Marcela, Ústav pro českou literaturu AV ČR; Novotný Milan, Nadace Český literární fond; Ludvíková Libuše, Světové sdružení spisovatelů {s textem charty PENu}; Kanzelsberger Jan, Svaz českých knihkupců a nakladatelů; Nadace Lyry Pragensis {Lyra Pragensis}; Ježková Zuzana, Aura-pont, divadelní a literární agentura; Kasal Lubor, Literární časopis Tvar; Vašková Olga, Nové knihy - značka, která má cenu; Sůva Vladimír, Knihy 96 - moderní knižní časopis; Střížovská Eva, Český dialog - měsíčník pro Čechy doma i ve světě jako posel našich knížek po celé planetě; Matys Rudolf, Poezie 1995; Haman Aleš, Próza 1995; Adamovič Ivan, Fantastická literatura na našem trhu v roce 1995; Šimková Božena, Jakého hrdinu dětem?; Knížák Milan, Vztah výtvarného umění a literatury. - Čeští spisovatelé 1995 (s. 71-149), Čeští spisovatelé 1996 (s. 151-206) - informace o knihách vydaných v r. 1995 a připravovaných pro r. 1996 (řazeno abecedně podle příjmení autorů). - Soupisy (s adresáři a charakteristikami), s. 211-603: Nakladatelství, Knihkupectví, Antikvariáty, Distributoři, Tiskárny.
=524  \\$aPÁNEK, Jiří: Český literární almanach. Praha : Nakladatelství Dagmar Šmolíková : nakladatelství Litera, 1996.
=599  \\$axbibl
=600  17$aBergerová, Marcela$7pag2008464152$2czenas$1http://viaf.org/viaf/85075645
=600  17$aCísař, Jaroslav$d(1955- )$7jn19981228067$2czenas$1http://viaf.org/viaf/68535879
=600  17$aWolfová, Eva$d(1948- )$7jn20000402692$2czenas$1http://viaf.org/viaf/32238425
=610  27$aPamátník národního písemnictví$7kn20010709087$2czenas
=648  \7$a1991-2000$7ch460587$2czenas
=650  04$akniha a čtenář
=650  04$anakladatelské otázky
=650  04$aučebnice, slovníky a příručky
=650  07$abibliografie bibliografií$7ph317174$2czenas
=650  07$aliterární časopisy$7ph122407$2czenas
=650  07$ačeská literatura$7ph116858$2czenas
=650  \7$aCzech literature$2ELB-n
=655  \7$abibliografie$7fd131898$2czenas
=655  \7$akatalogy$7fd132535$2czenas
=700  1\$aPánek, Jiří$d(1960- )$4edt$4aui$7jn20001031007$1http://viaf.org/viaf/18907286
=910  \\$aABB060
=964  \\$aB80
=995  \\$aČeská Literární Bibliografie
=FMT  BK
=OWN  \\$aUCLA
=SIF  \\$ass

