=LDR  02829nam a22005774a 4500
=001  001559837
=003  CZ\PrUCL
=005  20170406114137.0
=008  170104s1994\\\\xr\\\\\\\\\\\\|||\||cze\d
=035  \\$a(ISIS-B80-ID)B9047693
=035  \\$a(ISIS-B80-MFN)95838
=040  \\$aABB060$bcze
=041  1\$acze$heng
=080  \\$a(048.8)$2MRF
=100  1\$aSviták, Ivan$d(1925-1994)$7jk01121907$4aut$1http://viaf.org/viaf/92685980
=245  10$aMalostranská Sapfo :$bOpožděná recenze díla Elizabethy Johanny Westonové, 1582-1612 /$cIvan Sviták ; z angličtiny přeložil Miroslav Šubrt.
=260  \\$aPraha :$bISIS (neprodejný samizdat),$c1994.
=300  \\$a137 s.
=380  \\$iMajor genre$aSecondary literature$leng
=500  \\$aB. m. n. r.
=520  2\$aTřetí díl rudolfinské trilogie I. S. napsané anglicky v letech 1980-1989 (1. díl: John Dee in Bohemia - The Merlin from Mortlake, 2. díl: Sir Edward Kelley - The Emperors Chemist), věnovaný nevlastní dceři: Kelley Edward, anglické básnířce žijící v Praze za vlády císaře: Rudolf II. (též o jejích básnických současnících); s ediční poznámkou autora; - Z uvedené trilogie vyšel anglicky sumář pod názvem: Hermetic Philosophy in Renaisance Prague (Kosmas 1985).
=524  \\$aSVITÁK, Ivan - ŠUBRT, Miroslav: Malostranská Sapfo : Opožděná recenze díla Elizabethy Johanny Westonové, 1582-1612. Z angličtiny přeložil Miroslav Šubrt. Praha : ISIS (neprodejný samizdat), 1994.
=599  \\$axbibl
=600  07$aRudolf II. Heiliges Römisches Reich, Kaiser$bII. Habsburský,$cřímskoněmecký císař,$d(1552-1612)$7jn20000701541$2czenas$1http://viaf.org/viaf/14909824
=600  07$aWestonia, Elizabetha Johanna$d(1582-1612)$7jn20000720316$2czenas$1http://viaf.org/viaf/18052286
=600  17$aKelly, Edward$d(1555-1595?)$7jn20000720128$2czenas$1http://viaf.org/viaf/54292738
=650  04$alatinská poezie$xOPRAVA UCL
=650  04$astarší česká literatura$xOPRAVA UCL
=650  07$aanglicky psaná literatura$7ph117173$2czenas
=650  07$afilozofie$7ph114540$2czenas
=650  07$ahumanismus$7ph120939$2czenas
=650  07$aosobnosti$7ph115615$2czenas
=650  07$arenesance$7ph125119$2czenas
=650  \7$aLatin literature$2ELB-n
=650  \7$aPoetry$2ELB-g
=650  \7$aCzech literature$2ELB-n
=650  \7$aEnglish literature$2ELB-n
=651  \7$aPraha (Česko)$7ge118011$2czenas
=655  \7$amonografie$7fd132842$2czenas
=700  1\$aŠubrt, Miroslav$4trl$xOPRAVA UCL
=787  08$aSviták, Ivan$tHermetic Philosophy in Renaisance Prague$4monografie
=910  \\$aABB060
=964  \\$a03.02
=964  \\$a04.01
=964  \\$a04.33.01
=964  \\$a05
=964  \\$aB80
=995  \\$aČeská Literární Bibliografie
=FMT  BK
=OWN  \\$aUCLA
=SIF  \\$ass

