=LDR  01823nam a22004214a 4500
=001  001559838
=003  CZ\PrUCL
=005  20190104101941.0
=008  161221s1994\\\\xr\\\\\\\\\\\\|||\||cze\d
=035  \\$a(ISIS-B80-ID)B9047694
=035  \\$a(ISIS-B80-MFN)95839
=040  \\$aABB060$bcze
=080  \\$a(0:82-94)$2MRF
=100  1\$aMasaryk, Alice Garrigue$d(1879-1966)$7jk01080473$4aut$1http://viaf.org/viaf/9979058
=245  10$aDětství a mládí :$bVzpomínky a myšlenky /$cAlice Masaryková ; redakce a Doslov (s. 111-115) Zdena Pelikánová, Dagmara Švihlová.
=250  \\$a2. vyd.
=260  \\$aPraha :$bÚstav T.G.Masaryka,$c1994.
=300  \\$a134 s.
=380  \\$iMajor genre$aLiterature$leng
=381  \\$iMajor genre$aOther$leng
=500  \\$aPoprvé vydáno: Pittsburgh, Masaryk Publication Trust 1960. Dotisk v r.1996.
=520  2\$aKniha vzpomínek dovedených do 1. světové války; mj. s kapitolou Boje o Rukopisy (s. 25-32, RKZ, Masaryk Tomáš Garrigue).
=524  \\$aMASARYKOVÁ, Alice G. - PELIKÁNOVÁ, Zdena - ŠVIHLOVÁ, Dagmara et al.: Dětství a mládí : Vzpomínky a myšlenky. Redakce a Doslov Zdena Pelikánová, Dagmara Švihlová. Praha : Ústav T. G. Masaryka, 1994.
=599  \\$axbibl
=600  17$aMasaryk, Alice Garrigue$d(1879-1966)$7jk01080473$2czenas$1http://viaf.org/viaf/9979058
=600  17$aMasaryk, Tomáš Garrigue$d(1850-1937)$7jk01080472$2czenas$1http://viaf.org/viaf/56651696
=630  04$aRKZ$xOPRAVA UCL
=650  07$aosobnosti$7ph115615$2czenas
=655  \7$apaměti$7fd132997$2czenas
=700  1\$aPelikánová, Zdena$4red$4aft$xOPRAVA UCL
=700  1\$aŠvihlová, Dagmara$4red$4aft$xOPRAVA UCL
=910  \\$aABB060
=964  \\$a05
=964  \\$aB80
=995  \\$aČeská Literární Bibliografie
=FMT  BK
=OWN  \\$aUCLA
=SIF  \\$ass

