=LDR  02316nam a22005054a 4500
=001  001559857
=003  CZ\PrUCL
=005  20200422153049.0
=008  151130s1996\\\\xr\\\\\\\\\\\\|||\||cze\d
=035  \\$a(ISIS-B80-ID)B9047713
=035  \\$a(ISIS-B80-MFN)95858
=040  \\$aABB060$bcze
=072  \7$a37$xVýchova a vzdělávání$2Konspekt$922
=080  \\$a(01)$2MRF
=080  \\$a(082)$2MRF
=245  00$aBohemistika na Filozofické fakultě Univerzity Palackého v Olomouci 1946-1996 /$cliterárněvědnou část zpracoval Jiří Fiala.
=260  \\$aOlomouc :$bKatedra bohemistiky Filozofické fakulty :$bPolygrafické středisko Vydavatelství Univerzity Palackého,$c1996.
=300  \\$a35 s.
=380  \\$iMajor genre$aSecondary literature$leng
=380  \\$iMajor genre$aLiterature$leng
=381  \\$iMajor genre$aOther$leng
=500  \\$aVydáno v Roce Univerzity Palackého.
=506  \\$aBez čísla ČNB a ISBN.
=520  2\$aSborník; mj. s kapitolami: Tradice bohemistiky v Olomouci (s. 3); Katedra bohemistiky na Univerzitě Palackého v letech 1946-1996 (s. 3-4); Literárněvědná bohemistika na Filozofické fakultě Univerzity Palackého v letech 1946-1996 (s. 4-12); Bibliografie vědeckých a populárněvědeckých prací členů literárněvědné sekce Katedry bohemistiky a slavistiky a Katedry bohemistiky za léta 1990-1995 (s. 13-24).
=524  \\$aFIALA, Jiří: Bohemistika na Filozofické fakultě Univerzity Palackého v Olomouci 1946-1996. Olomouc : Katedra bohemistiky Filozofické fakulty : Polygrafické středisko Vydavatelství Univerzity Palackého, 1996.
=599  \\$axbibl
=610  27$aUniverzita Palackého$7kn20010709130$2czenas
=648  \7$a1941-1950$7ch460582$2czenas
=648  \7$a1951-2000$7ch460577$2czenas
=650  07$abohemistika$7ph118949$2czenas
=650  07$auniverzity$7ph126937$2czenas
=651  \4$aOlomouc$xOPRAVA UCL
=655  \7$abibliografie$7fd131898$2czenas
=655  \7$asborníky$7fd163935$2czenas
=700  1\$aFiala, Jiří$d(1944- )$4edt$7jn19981001072$1http://viaf.org/viaf/83983535
=910  \\$aABB060
=964  \\$a02.12.01
=964  \\$a02.12.04
=964  \\$a03.10.05
=964  \\$a03.16.05
=964  \\$aB80
=995  \\$aČeská Literární Bibliografie
=FMT  BK
=OWN  \\$aUCLA
=SIF  \\$ass

