=LDR  05457nam a22008894a 4500
=001  001559861
=003  CZ\PrUCL
=005  20210218131035.0
=008  151110s1995\\\\au\\\\\\\\\\\\|||\||cze\d
=035  \\$a(ISIS-B80-ID)B9047717
=035  \\$a(ISIS-B80-MFN)95862
=040  \\$aABB060$bcze
=080  \\$a(048.8)$2MRF
=080  \\$a(082)$2MRF
=245  00$aAdalbert Stifter :$bStudien zu seiner Rezeption und Wirkung I: 1868-1930. Kolloquium I /$cherausgegeben und Einleitung (s. 7-10) von Johann Lachinger.
=260  \\$aLinz :$bAdalbert-Stifter-Institut des Landes Oberösterreich,$c1995.
=300  \\$a262 s.
=380  \\$iMajor genre$aSecondary literature$leng
=380  \\$iMajor genre$aLiterature$leng
=381  \\$iMajor genre$aOther$leng
=490  1\$aSchriftenreihe des Adalbert-Stifter-Institutes ;$vFolge 39
=520  2\$aSborník příspěvků z kolokvia věnovaného recepci a působení díla A. S. po jeho smrti, v období let 1868-1930: Doppler Alfred, Die Nachrufe zur Stifters Tod (s. 11-19); Wagner Karl, In der Provinz angekommen? Roseggers und Heckenasts Bemühungen um Stifter (s. 21-38); Kienesberger Konrad, Zu einigen frühen Stifter-Übersetzungen ins Englische und Französische (s. 39-65); Bleckwenn Helga, Nietzsches Nachsommer-Lob. Deutungsversuch und Wirkungperspektive (s. 67-78, Nietzsche Friedrich); Hofman Alois, Aufbruch der Stifter-Forschung in Prag. August Sauer und sein Kreis (s. 79-95, Sauer August); Slapnicka Harry, Stifter-Denkmäler in Österreich und Böhmen (s. 97-111); Storck Joachim W., Rainer Maria Rilke und Adalbert Stifter (s. 113-130, Rilke Rainer Maria); Scheichl Sigurd Paul, Karl Kraus und Adalbert Stifter (s. 131-143, Kraus Karl); Daviau Donald G., Hermann Bahr und Adalbert Stifter: Eine Dokumentation (s. 145-158, Bahr Hermann); Binder Hartmut, Kafkas Weg zu Stifter. Mit besonderer Berücksichtigung August Sauers (s. 159-214, Kafka Franz); Wuthenow Ralph-Rainer, Ernst Bertrams Stifterbild (s. 215-231, Bertrams Ernst); Domandl Sepp von, Wege und Irrwege der Stifterforschung (s. 233-249); Rauch Gertrude von, Die Adalbert-Stifter-Gesellschaft Wien - ein Beispiel der Wirkungsgeschichte Stifters (s. 251-259).
=524  \\$aLACHINGER, Johann: Adalbert Stifter : Studien zu seiner Rezeption und Wirkung I: 1868-1930. Kolloquium I. Linz : Adalbert-Stifter-Institut des Landes Oberösterreich, 1995.
=599  \\$axbibl
=600  14$aBertrams, Ernst
=600  14$aBleckwenn, Helga
=600  14$aKienesberger, Konrad
=600  14$aRauch, Gertrude von
=600  14$aWagner, Karl
=600  17$aBinder, Hartmut$d(1937- )$7jn19990000805$2czenas$1http://viaf.org/viaf/108230976
=600  17$aBähr, Hermann$d(1863-1934)$7ola2002150758$2czenas$1http://viaf.org/viaf/36939191
=600  17$aDaviau, Donald G$d(1927-2019)$7mzk2010612964$2czenas$1http://viaf.org/viaf/23242557
=600  17$aDomandl, Sepp$d(1903-2001)$7mzk2012693131$2czenas$1http://viaf.org/viaf/109871546
=600  17$aDoppler, Alfred$d(1921- )$7jn20001005089$2czenas$1http://viaf.org/viaf/56623747
=600  17$aHeckenast, Gustav$d(1811-1878)$7jo2013761880$2czenas$1http://viaf.org/viaf/76366600
=600  17$aHofman, Alois$d(1910- )$7jk01041540$2czenas$1http://viaf.org/viaf/49697426
=600  17$aKafka, Franz$d(1883-1924)$7jn19990218037$2czenas$1http://viaf.org/viaf/56611857
=600  17$aKraus, Karl$d(1874-1936)$7jn19990004622$2czenas$1http://viaf.org/viaf/44300932
=600  17$aNietzsche, Friedrich$d(1844-1900)$7jn19990006124$2czenas$1http://viaf.org/viaf/89798474
=600  17$aRilke, Rainer Maria$d(1875-1926)$7jn19990007038$2czenas$1http://viaf.org/viaf/46897170
=600  17$aRosegger, Peter$d(1843-1918)$7jn20010316156$2czenas$1http://viaf.org/viaf/46774513
=600  17$aSauer, August$d(1855-1926)$7jo2002169340$2czenas$1http://viaf.org/viaf/56735623
=600  17$aScheichl, Sigurd Paul$d(1942- )$7mzk2011624939$2czenas$1http://viaf.org/viaf/161640940
=600  17$aSlapnicka, Harry$d(1918-2011)$7mzk2012677496$2czenas$1http://viaf.org/viaf/261825066
=600  17$aStifter, Adalbert$d(1805-1868)$7jn19990009997$2czenas$1http://viaf.org/viaf/22149114
=600  17$aStorck, Joachim W$d(1922-2011)$7jn20000605173$2czenas$1http://viaf.org/viaf/32011601
=600  17$aWuthenow, Ralph-Rainer$d(1928-2013)$7jx20070626010$2czenas$1http://viaf.org/viaf/108603933
=648  \7$a1851-1900$7ch460575$2czenas
=648  \7$a1901-1950$7ch460576$2czenas
=650  04$aliterarní archivy a muzea
=650  04$aspisovatelské a literárněvědné organizace
=650  07$aliterární komparatistika$7ph137146$2czenas
=650  07$aněmecká literatura$7ph117246$2czenas
=650  07$aosobnosti$7ph115615$2czenas
=650  07$apřekladatelství$7ph124891$2czenas
=650  07$ačeská literatura$7ph116858$2czenas
=650  \7$aGerman literature$2ELB-n
=650  \7$aCzech literature$2ELB-n
=655  \7$asborníky$7fd163935$2czenas
=655  \7$astudie$7fd133597$2czenas
=700  1\$aLachinger, Johann$d(1939-2016)$4edt$4aui$7jn19990004821$1http://viaf.org/viaf/97982837
=830  \0$aSchriftenreihe des Adalbert-Stifter-Institutes
=910  \\$aABB060
=964  \\$a02.07
=964  \\$a02.08
=964  \\$a02.10.01
=964  \\$a02.12.02
=964  \\$a03.04
=964  \\$a03.06
=964  \\$a04.17
=964  \\$a05
=964  \\$aB80
=964  \\$aMBK
=995  \\$aČeská Literární Bibliografie
=FMT  BK
=OWN  \\$aUCLA
=SIF  \\$ass

