=LDR  02235nam a22004934a 4500
=001  001559871
=003  CZ\PrUCL
=005  20191209112437.0
=008  170104s1995\\\\xr\\\\\\\\\\\\|||\||cze\d
=035  \\$a(ISIS-B80-ID)B9047727
=035  \\$a(ISIS-B80-MFN)95872
=040  \\$aABB060$bcze
=080  \\$a(0:82-94)$2MRF
=100  1\$aFejfar, Josef$4aut$xOPRAVA UCL
=245  10$aMoje paměti /$cJosef Fejfar ; výběr z rukopisu usp. a slovo Úvodem (s. 5) napsala Olga Bičišťová ; spolupracovali Karel Samšiňák, Ivan Kafka.
=260  \\$aSobotka :$bMěstská knihovna Fráni Šrámka,$c1995.
=300  \\$a40 s. Volné archy.
=380  \\$iMajor genre$aLiterature$leng
=381  \\$iMajor genre$aOther$leng
=490  1\$aKnihovnička Českého ráje - Sobotka ;$vsv. 5
=520  2\$aVýbor z pamětí soboteckého učitele (vzpomínky na dětství a mládí); s medailonem Slovo o autorovi (s. 36-38); s poznámkou Několik slov o autorce (s. 39; O. B. - vnučka J. Fejfara).
=524  \\$aFEJFAR, Josef - BIČIŠŤOVÁ, Olga - SAMŠIŇÁK, Karel et al.: Moje paměti. Spolupracovali Karel Samšiňák, Ivan Kafka. Sobotka : Městská knihovna Fráni Šrámka, 1995.
=599  \\$axbibl
=600  17$aFejfar, Josef$d(1895-1968)$7jn19981001046$2czenas$1http://viaf.org/viaf/67315254
=648  \7$a1901-1950$7ch460576$2czenas
=650  07$aosobnosti$7ph115615$2czenas
=650  07$ačeská literatura$7ph116858$2czenas
=650  \7$aCzech literature$2ELB-n
=651  \7$aOsenice (Dětenice, Česko)$7ge392260$2czenas
=651  \7$aZelenecká Lhota (Česko)$7ge375984$2czenas
=655  \7$apaměti$7fd132997$2czenas
=700  1\$aBičišťová, Olga$d(1951- )$4com$4aui$7ola2015855350$1http://viaf.org/viaf/313512236
=700  1\$aKafka, Ivan$d(1952- )$4com$7jn99240000407$1http://viaf.org/viaf/18056364
=700  1\$aSamšiňák, Karel$d(1923-2008)$4com$7jk01110388$1http://viaf.org/viaf/83889638
=710  2\$aMěstská knihovna Fráni Šrámka$1http://viaf.org/viaf/138858753
=830  \0$aKnihovnička Českého ráje - Sobotka
=910  \\$aABB060
=964  \\$a03.06
=964  \\$a05
=964  \\$aB80
=995  \\$aČeská Literární Bibliografie
=FMT  BK
=OWN  \\$aUCLA
=SIF  \\$ass

