=LDR  01506nam a22003734a 4500
=001  001559874
=003  CZ\PrUCL
=008  170104s1993\\\\xr\\\\\\\\\\\\|||\||cze\d
=035  \\$a(ISIS-B80-ID)B9047730
=035  \\$a(ISIS-B80-MFN)95875
=040  \\$aABB060$bcze
=080  \\$a(01)$2MRF
=245  00$aBibliografi over norsk literatur ovesatt til tsjekkisk. - Bibliografie překladů norské literatury do češtiny :$b(1874-1992.) /$czpracovaly a úvod (s. 3-4, v norské a české mutaci) napsaly Helena Kadečková, Jarka Vrbová
=260  \\$aJinočany :$bH & H,$c1993
=300  \\$a72 s.
=380  \\$iMajor genre$aSecondary literature$leng
=524  \\$aKADEČKOVÁ, Helena - VRBOVÁ, Jarka: Bibliografi over norsk literatur ovesatt til tsjekkisk. - Bibliografie překladů norské literatury do češtiny : (1874-1992. ). Jinočany : H & H, 1993.
=599  \\$axbibl
=650  04$aliterární bibliografie a různé soupisy$xOPRAVA UCL
=650  07$anorská literatura$7ph123324$2czenas
=650  07$apřekladatelství$7ph124891$2czenas
=650  \7$aNorwegian literature$2ELB-n
=655  \7$abibliografie$7fd131898$2czenas
=700  1\$aKadečková, Helena$d(1932-2018)$4edt$4oth$4aui$7jk01052386$jbbg$1http://viaf.org/viaf/36838514
=700  1\$aVrbová, Jarka$4edt$4oth$4aui$jbbg$xOPRAVA UCL
=910  \\$aABB060
=964  \\$a02.08
=964  \\$a02.12.01
=964  \\$a04.18
=964  \\$aB80
=995  \\$aČeská Literární Bibliografie
=FMT  BK
=OWN  \\$aUCLA
=SIF  \\$ass

