=LDR  01794nam a22004094a 4500
=001  001559876
=003  CZ\PrUCL
=005  20210312160342.0
=008  020708s1991\\\\xr\\\\\\\\\\\\|||\||cze\d
=035  \\$a(ISIS-B80-ID)B9047732
=035  \\$a(ISIS-B80-MFN)95877
=040  \\$aABB060$bcze
=080  \\$a(048.8)$2MRF
=100  1\$aKrupková, Jaroslava$d(1947- )$7jo2007269334$4aut$1http://viaf.org/viaf/17451344
=245  10$aTradice a etnografie :$bk úloze tradice ve vývoji kultury /$cJaroslava Krupková.
=260  \\$aPraha :$bUniverzita Karlova,$c1991.
=300  \\$a128 s.
=380  \\$iMajor genre$aSecondary literature$leng
=490  1\$aActa Universitatis Carolinae. Philosophica et historica. Monographia ;$vč. 130
=520  2\$aStudie, s úvodem a s částmi: Obecně k pojmu tradice (s. 11-51, s kapitolami: Dosavadní názory na podstatu a úlohu tradice; Tradice a obecný systém kultury: Tradice jako součást kulturního dědictví a předpoklad kontinuity společenského vývoje; Tradice a pokrok; Tradice jako specifická forma informačního procesu); Etnografické pojetí tradice (s. 53-125).
=524  \\$aKRUPKOVÁ, Jaroslava: Tradice a etnografie : k úloze tradice ve vývoji kultury. Praha : Univerzita Karlova, 1991.
=599  \\$axbibl
=650  04$aliteratura (obecně)$xOPRAVA UCL
=650  04$atradice$xOPRAVA UCL
=650  07$aetnografie$7ph137601$2czenas
=650  07$akultura$7ph122009$2czenas
=650  07$aliteratura a kultura$7ph798114$2czenas
=655  \7$astudie$7fd133597$2czenas
=830  \0$aActa Universitatis Carolinae. Philosophica et historica. Monographia
=910  \\$aABB060
=964  \\$a01
=964  \\$a02.06
=964  \\$aB80
=995  \\$aČeská Literární Bibliografie
=FMT  BK
=OWN  \\$aUCLA
=SIF  \\$ass

