=LDR  02098nam a22004094a 4500
=001  001559916
=003  CZ\PrUCL
=005  20210305122638.0
=008  170104s1996\\\\xr\\\\\\\\\\\\|||\||cze\d
=035  \\$a(ISIS-B80-ID)B9047772
=035  \\$a(ISIS-B80-MFN)95917
=040  \\$aABB060$bcze
=080  \\$a(048.8)$2MRF
=100  1\$aTondl, Ladislav$d(1924-2015)$7jk01132768$4aut$1http://viaf.org/viaf/62492047
=245  10$aMezi epistemologií a sémiotikou :$bDeset studií o vztazích poznání a porozumění významu /$cLadislav Tondl ; předmluvu napsali Jarmila Doubravová, P. Koťátko.
=260  \\$aPraha :$bFilosofia,$c1996.
=300  \\$a224 s.
=380  \\$iMajor genre$aSecondary literature$leng
=520  2\$aS úvodními poznámkami a se studiemi: Znak; Sémantika otázky v problémové situaci; Pragmatická informace; Epistemická kompetence a problémy sémiotického rozhodování; Sémiotické aspekty hodnotových výpovědí; Co je tematická struktura vědy?; Je oprávněné uvažovat o sémiotice technických artefaktů?; Poznámky k sémiotice grafické komunikace; Kultura dialogu a formy monologu; Sémiotická integrace, sémiotická kompatibilita, sémiotická konsistence.
=524  \\$aTONDL, Ladislav - DOUBRAVOVÁ, Jarmila - KOŤÁTKO, Petr et al.: Mezi epistemologií a sémiotikou : Deset studií o vztazích poznání a porozumění významu. Předmluvu napsali Jarmila Doubravová, P. Koťátko. Praha : Filosofia, 1996.
=599  \\$axbibl
=650  07$afilozofie$7ph114540$2czenas
=650  07$asémiotika$7ph126388$2czenas
=650  07$ateorie poznání$7ph116428$2czenas
=650  07$avěda$7ph116676$2czenas
=650  07$aznaky$7ph127654$2czenas
=655  \7$astudie$7fd133597$2czenas
=700  1\$aDoubravová, Jarmila$d(1940- )$4aui$7jk01022879$1http://viaf.org/viaf/77698274
=700  1\$aKoťátko, Petr$d(1955- )$4aui$7jn99240000520$1http://viaf.org/viaf/51808338
=910  \\$aABB060
=964  \\$a01
=964  \\$a02.06
=964  \\$aB80
=995  \\$aČeská Literární Bibliografie
=FMT  BK
=OWN  \\$aUCLA
=SIF  \\$ass

