=LDR  01430nam a22004094a 4500
=001  001559917
=003  CZ\PrUCL
=005  20200415220035.0
=008  170104s1996\\\\xr\\\\\\\\\\\\|||\||cze\d
=015  \\$acnb000117153
=020  \\$a80-7184-162-5
=035  \\$a(ISIS-B80-ID)B9047773
=035  \\$a(ISIS-B80-MFN)95918
=040  \\$aABB060$bcze
=072  \7$a7.01/.09$xUmění$2Konspekt$921
=080  \\$a(048.8)$2MRF
=100  1\$aBorecký, Vladimír$d(1941-2009)$7jn19990218006$4aut$1http://viaf.org/viaf/84002213
=245  10$aImaginace a kultura /$cVladimír Borecký.
=260  \\$aPraha :$bKarolinum, vydavatelství Univerzity Karlovy,$c1996.
=300  \\$a144 s.
=380  \\$iMajor genre$aSecondary literature$leng
=520  2\$aStudie, s úvodem Kreativní zdroje kultury (s. 5-6) a s kapitolami: Osobnost a kultura; Imaginace; Hra; Ludismy; Komika; se slovníkem (s. 118-139); s tabulkami (s. 140-142).
=524  \\$aBORECKÝ, Vladimír: Imaginace a kultura. Praha : Karolinum, vydavatelství Univerzity Karlovy, 1996.
=599  \\$axbibl
=650  07$ahry$7ph114716$2czenas
=650  07$aimaginace$7ph121035$2czenas
=650  07$akomika$7ph121746$2czenas
=650  07$akultura$7ph122009$2czenas
=655  \7$astudie$7fd133597$2czenas
=910  \\$aABB060
=964  \\$a01
=964  \\$a02.06
=964  \\$aB80
=995  \\$aČeská Literární Bibliografie
=FMT  BK
=OWN  \\$aUCLA
=SIF  \\$ass

