=LDR  01592nam a22004574a 4500
=001  001559932
=003  CZ\PrUCL
=008  170104s1996\\\\xr\\\\\\\\\\\\|||\||cze\d
=035  \\$a(ISIS-B80-ID)B9047788
=035  \\$a(ISIS-B80-MFN)95933
=040  \\$aABB060$bcze
=080  \\$a(035)$2MRF
=100  1\$aZach, Aleš$d(1941- )$7jk01151972$4aut$1http://viaf.org/viaf/307064
=245  10$aStopami pražských nakladatelských domů :$bProcházka mizející pamětí českých kulturních dějin /$cAleš Zach
=260  \\$aPraha :$bThyrsus,$c1996
=300  \\$a90 s.
=380  \\$iMajor genre$aSecondary literature$leng
=520  2\$aS úvodem (s. 5-9), s rejstříkem a se soupisem základní literatury.
=524  \\$aZACH, Aleš: Stopami pražských nakladatelských domů : Procházka mizející pamětí českých kulturních dějin. Praha : Thyrsus, 1996.
=599  \\$axbibl
=648  \4$a1901-2000$xOPRAVA UCL
=648  \7$a1851-1900$7ch460575$2czenas
=648  \7$a1991-2000$7ch460587$2czenas
=650  04$anakladatelské otázky$xOPRAVA UCL
=650  04$aučebnice, slovníky a příručky$xOPRAVA UCL
=650  04$ačeská literární historie$xOPRAVA UCL
=650  07$ačeská literatura$7ph116858$2czenas
=650  \7$aCzech literature$2ELB-n
=651  \4$aPraha$xOPRAVA UCL
=655  \7$apříručky$7fd133209$2czenas
=910  \\$aABB060
=964  \\$a02.09.01
=964  \\$a02.12.04
=964  \\$a03.04
=964  \\$a03.05
=964  \\$a03.15.05
=964  \\$aB80
=995  \\$aČeská Literární Bibliografie
=FMT  BK
=OWN  \\$aUCLA
=SIF  \\$ass

