=LDR  01818nam a22004814a 4500
=001  001559933
=003  CZ\PrUCL
=005  20200429192857.0
=008  170104s1996\\\\xr\\\\\\\\\\\\|||\||cze\d
=015  \\$acnb000117370
=020  \\$a80-85794-97-7
=035  \\$a(ISIS-B80-ID)B9047789
=035  \\$a(ISIS-B80-MFN)95934
=040  \\$aABB060$bcze
=041  1\$acze$heng
=072  \7$a821.111-2$xAnglické drama, anglicky psané$2Konspekt$925
=080  \\$a(048.8)$2MRF
=100  1\$aGreer, Germaine$d(1939- )$7jn19990002863$4aut$1http://viaf.org/viaf/12328920
=240  10$aShakespeare.$lČesky
=245  10$aShakespeare /$cGermaine Greerová ; přeložila Stanislava Pošustová-Menšíková.
=260  \\$aPraha :$bArgo,$c1996.
=300  \\$a141 s.
=380  \\$iMajor genre$aSecondary literature$leng
=520  2\$aMonografie; s Poznámkou o českých překladech Shakespearových děl (s. 132) a se soupisem České knihy o Shakespearovi (s. 134).
=524  \\$aGREER, Germaine - POŠUSTOVÁ-MENŠÍKOVÁ, Stanislava: Shakespeare. Přeložila Stanislava Pošustová-Menšíková. Praha : Argo, 1996.
=599  \\$axbibl
=600  17$aShakespeare, William$d(1564-1616)$7jn19981002129$2czenas$1http://viaf.org/viaf/96994048
=650  07$aanglicky psané drama$7ph118436$2czenas
=650  07$aangličtí spisovatelé$7ph114059$2czenas
=650  07$apřekladatelství$7ph124891$2czenas
=650  \7$aEnglish literature$2ELB-n
=650  \7$aDrama$2ELB-g
=655  \7$amonografie$7fd132842$2czenas
=700  1\$aPošustová, Stanislava$d(1948- )$4trl$4wam$7jn19981002032$1http://viaf.org/viaf/83986430
=910  \\$aABB060
=964  \\$a02.08
=964  \\$a04.01.03
=964  \\$a05
=964  \\$aB80
=995  \\$aČeská Literární Bibliografie
=FMT  BK
=OWN  \\$aUCLA
=SIF  \\$ass

