=LDR  02746nam a22005894a 4500
=001  001559934
=003  CZ\PrUCL
=005  20200422144848.0
=008  100827s1996\\\\xr\\\\\\\\\\\\|||\||cze\d
=015  \\$acnb000149294
=020  \\$a80-86018-00-8
=035  \\$a(ISIS-B80-ID)B9047790
=035  \\$a(ISIS-B80-MFN)95935
=040  \\$aABB060$bcze
=072  \7$a398$xFolklor. Lidové tradice$2Konspekt$91
=080  \\$a(048.8)$2MRF
=100  1\$aEliáš, Oldřich$d(1895-1941)$7jk01030416$4aut$1http://viaf.org/viaf/1749641
=245  10$aGolem :$bhistorická studie /$cOldřich Eliáš ; doslov k druhému vydání napsal Ladislav Moučka.
=260  \\$aPraha :$bPůdorys,$c1996.
=300  \\$a104 s.
=380  \\$iMajor genre$aSecondary literature$leng
=500  \\$aReprint původního vydání z r.1924.
=520  2\$aReprint historické studie; s předmluvou vydavatele (s. 5), s předmluvou autora k 1. vyd. (s. 7-9); mj. s kapitolami Zprávy o Golemech ve starém Řecku a Číně. Golem v literatuře a tradici kabbaly (s. 51-54); Golem pražský. Prameny, pověsti (s. 57-59, mj. o uvedených autorech); Golem pražský: jeho stvoření, osudy a zánik (s. 61-80); s doslovem k druhému vydání (s. 99-103).
=524  \\$aELIÁŠ, Oldřich - MOUČKA, Ladislav: Golem : historická studie. Doslov k druhému vydání napsal Ladislav Moučka. Praha : Půdorys, 1996.
=599  \\$axbibl
=600  07$aGolem (legendární postava)$c(legendární postava)$7jo2016908845$2czenas$1http://viaf.org/viaf/11146284446315332114
=600  07$aYehuda Lajb ben Betsalel$d(1525?-1609)$7jn20000720237$2czenas$1http://viaf.org/viaf/79038296
=600  17$aBiliánová, Popelka$d(1862-1941)$7jk01012077$2czenas$1http://viaf.org/viaf/33313805
=600  17$aJirásek, Alois$d(1851-1930)$7jk01051816$2czenas$1http://viaf.org/viaf/34469656
=600  17$aKisch, Egon Erwin$d(1885-1948)$7jk01060211$2czenas$1http://viaf.org/viaf/46774385
=600  17$aMeyrink, Gustav$d(1868-1932)$7jn19981001847$2czenas$1http://viaf.org/viaf/59086614
=648  \4$a1901-2000$xOPRAVA UCL
=648  \7$a1921-1930$7ch460580$2czenas
=650  04$ahermetika$xOPRAVA UCL
=650  07$akabala$7ph114852$2czenas
=650  07$amagie$7ph115203$2czenas
=650  07$ažidovské pověsti$7ph128004$2czenas
=650  \7$aJewish literature$2ELB-n
=650  \7$aLegend$2ELB-g
=655  \7$astudie$7fd133597$2czenas
=700  1\$aMoučka, Ladislav$4aft$7kpwa6353$1http://viaf.org/viaf/48423862
=787  08$aMeyrink, Gustav$tGolem$4román
=910  \\$aABB060
=964  \\$a02.06
=964  \\$a03.05
=964  \\$a03.08.05
=964  \\$a04
=964  \\$aB80
=995  \\$aČeská Literární Bibliografie
=FMT  BK
=OWN  \\$aUCLA
=SIF  \\$ass

