=LDR  02326nam a22005414a 4500
=001  001559935
=003  CZ\PrUCL
=005  20210203160840.0
=008  010829s1996\\\\xr\\\\\\\\\\\\|||\||cze\d
=015  \\$acnb000119007
=020  \\$a80-85281-25-2$q(Česká expedice)
=020  \\$a80-85611-99-6$q(Riopress)
=035  \\$a(ISIS-B80-ID)B9047791
=035  \\$a(ISIS-B80-MFN)95936
=040  \\$aABB060$bcze
=041  1\$acze$hger
=072  \7$a929$xBiografie$2Konspekt$98
=080  \\$a(047.53)$2MRF
=100  1\$aLudwig, Emil$d(1881-1948)$7jn19981001773$4aut$1http://viaf.org/viaf/44454588
=245  10$aDuch a čin :$bRozmluvy s Masarykem /$cEmil Ludwig ; přeložili František Kubka, Vasil Kaprálek Škrach.
=250  \\$a9. vydání
=260  \\$aPraha :$bČeská expedice :$bRiopress :$bMasarykovo demokratické hnutí,$c1996.
=300  \\$a189 s.
=380  \\$iMajor genre$aLiterature$leng
=381  \\$iMajor genre$aOther$leng
=490  1\$aHlas ;$vsv. 3
=505  20$tŠedesát let po rozhovorech Emila Ludwiga s T. G. Masarykem [doslov] /$rMilan Machovec,$gs. 181-184
=506  \\$aB80AN
=520  2\$aRozhovory; s uvedeným doslovem a s vydavatelskou poznámkou J. Hořce (s. 185-186).
=524  \\$aLUDWIG, Emil - KUBKA, František - ŠKRACH, Vasil Kaprálek et al.: Duch a čin : Rozmluvy s Masarykem. Přeložili František Kubka, Vasil Kaprálek Škrach. Praha : Česká expedice : Riopress : Masarykovo demokratické hnutí, 1996.
=599  \\$axbibl
=600  17$aMasaryk, Tomáš Garrigue$d(1850-1937)$7jk01080472$2czenas$1http://viaf.org/viaf/56651696
=650  07$aprezidenti$7ph124601$2czenas
=655  \7$arozhovory$7fd133303$2czenas
=700  1\$aHořec, Jaromír$d(1921-2009)$4wam$4edt$7jk01042314$1http://viaf.org/viaf/59129952
=700  1\$aKubka, František$d(1894-1969)$4trl$7jk01070461$1http://viaf.org/viaf/13424147
=700  1\$aMachovec, Milan$d(1925-2003)$4aft$7jk01073057$1http://viaf.org/viaf/109419260
=700  1\$aŠkrach, Vasil Kaprálek$d(1891-1943)$4trl$7jk01130369$1http://viaf.org/viaf/65984471
=710  2\$aČeská expedice$1http://viaf.org/viaf/127155032
=830  \0$aHlas
=910  \\$aABB060
=964  \\$a04.17
=964  \\$a05
=964  \\$aB80
=995  \\$aČeská Literární Bibliografie
=FMT  BK
=OWN  \\$aUCLA
=SIF  \\$ass

