=LDR  02453nam a22004694a 4500
=001  001559936
=003  CZ\PrUCL
=008  170104s1996\\\\xr\\\\\\\\\\\\|||\||cze\d
=035  \\$a(ISIS-B80-ID)B9047792
=035  \\$a(ISIS-B80-MFN)95937
=040  \\$aABB060$bcze
=080  \\$a(0:82-6)$2MRF
=100  1\$aMasaryk, Tomáš Garrigue$d(1850-1937)$7jk01080472$4aut$1http://viaf.org/viaf/56651696
=245  10$aNechte mne zapomenouti na sny mé :$bKorespondence T. G. Masaryka se Zdenkou Šemberovou /$cTomáš Garrigue Masaryk ; edičně připravila, úvod (s. 5), doslov O korespondenci T. G. Masaryka se Zdenkou Šemberovou (s. 154-167) a Ediční poznámku (s. 168-173) napsala Marie Krulichová
=260  \\$aPraha :$bRiopress :$bČeská expedice :$bMasarykovo demokratické hnutí,$c1996
=300  \\$a176 s.
=380  \\$iMajor genre$aLiterature$leng
=381  \\$iMajor genre$aOther$leng
=490  1\$aHlas ;$vsv. 2
=520  2\$aSoubor 133 dopisů T. G. M. adresovaných v letech 1875-1886: Šemberová Zdenka a jejích pěti odpovědí; též zmínky o otci Z. Š. : Šembera Alois Vojtěch a jeho účasti v bojích o RKZ.
=524  \\$aMASARYK, Tomáš Garrigue - KRULICHOVÁ, Marie: Nechte mne zapomenouti na sny mé : Korespondence T. G. Masaryka se Zdenkou Šemberovou. Edičně připravila, úvod, doslov O korespondenci T. G. Masaryka se Zdenkou Šemberovou a Ediční poznámku napsala Marie Krulichová. Praha : Riopress : Česká expedice : Masarykovo demokratické hnutí, 1996.
=599  \\$axbibl
=600  17$aMasaryk, Tomáš Garrigue$d(1850-1937)$7jk01080472$2czenas$1http://viaf.org/viaf/56651696
=600  17$aŠembera, Alois Vojtěch$d(1807-1882)$7jk01122746$2czenas$1http://viaf.org/viaf/62654398
=600  17$aŠemberová, Zdenka$d(1841-1912)$7jk01122754$2czenas$1http://viaf.org/viaf/24937520
=630  04$aRKZ$xOPRAVA UCL
=648  \7$a1851-1900$7ch460575$2czenas
=650  07$aosobnosti$7ph115615$2czenas
=650  07$ačeská literatura$7ph116858$2czenas
=650  \7$aCzech literature$2ELB-n
=655  \7$akorespondence$7fd132681$2czenas
=700  1\$aKrulichová, Marie$d(1940-2002)$4edt$4aui$4aft$7js20030908005$1http://viaf.org/viaf/20016406
=710  2\$aČeská expedice$1http://viaf.org/viaf/127155032
=830  \0$aHlas
=910  \\$aABB060
=964  \\$a03.04
=964  \\$a05
=964  \\$aB80
=995  \\$aČeská Literární Bibliografie
=FMT  BK
=OWN  \\$aUCLA
=SIF  \\$ass

