=LDR  02092nam a22004934a 4500
=001  001559937
=003  CZ\PrUCL
=005  20200423165413.0
=008  170104s1996\\\\xr\\\\\\\\\\\\|||\||cze\d
=015  \\$acnb000148244
=020  \\$a80-85799-04-9
=035  \\$a(ISIS-B80-ID)B9047793
=035  \\$a(ISIS-B80-MFN)95938
=040  \\$aABB060$bcze
=072  \7$a929$xBiografie$2Konspekt$98
=080  \\$a(092)$2MRF
=080  \\$a(0:82-94)$2MRF
=100  1\$aGajdoš, Zbislav$d(1914-1986)$7jn19981001304$4aut$1http://viaf.org/viaf/55022461
=245  10$aTunely do Ráj(c)e /$cZbislav Gajdoš ; doslov napsal Karel Křepelka.
=260  \\$aTišnov :$bSursum,$c1996.
=300  \\$a428 s.
=380  \\$iMajor genre$aLiterature$leng
=381  \\$iMajor genre$aOther$leng
=520  2\$aAutobiografické vyprávění učitele a řeckokatolického kněze, syna básníka A. Gajdoše; do svazku zařazena i povídka Z. Gajdoše "Myška (Příběh bohaté žebračky)" - o básnířce M. Smíškové (s. 217-272); v přílohách (s. 411-424) otištěny příležitostné texty Z. Gajdoše a dvě úvahy jeho manželky A. Gajdošové; s doslovem Mlčení na závěr (s. 425-426).
=524  \\$aGAJDOŠ TARNOWSKI, Zbislav - KŘEPELKA, Karel: Tunely do Ráj(c)e. Doslov napsal Karel Křepelka. Tišnov : Sursum, 1996.
=599  \\$axbibl
=600  14$aGajdošová, Anna$xOPRAVA UCL
=600  14$aSmíšková, Marie
=600  17$aGajdoš, Adolf$d(1884-1966)$7jk01032262$2czenas$1http://viaf.org/viaf/15757608
=600  17$aGajdoš, Zbislav$d(1914-1986)$7jn19981001304$2czenas$1http://viaf.org/viaf/55022461
=648  \4$a1901-2000$xOPRAVA UCL
=650  07$astát a církev$7ph116308$2czenas
=650  07$aučitelé$7ph126982$2czenas
=655  \7$abiografie$7fd131909$2czenas
=655  \7$apaměti$7fd132997$2czenas
=700  1\$aKřepelka, Karel$d(1946-1999)$4aft$7jn19990209436$1http://viaf.org/viaf/49110490
=910  \\$aABB060
=964  \\$a03.05
=964  \\$a05
=964  \\$aB80
=995  \\$aČeská Literární Bibliografie
=FMT  BK
=OWN  \\$aUCLA
=SIF  \\$ass

