=LDR  02509nam a22005774a 4500
=001  001559938
=003  CZ\PrUCL
=005  20210315203607.0
=008  170104s1996\\\\xr\\\\\\\\\\\\|||\||cze\d
=035  \\$a(ISIS-B80-ID)B9047794
=035  \\$a(ISIS-B80-MFN)95939
=040  \\$aABB060$bcze
=080  \\$a(0.072)$2MRF
=080  \\$a(048.8)$2MRF
=100  1\$aSousedík, Stanislav$d(1931- )$7jk01120584$4aut$1http://viaf.org/viaf/277021482
=245  10$aRené Descartes a české baroko /$cStanislav Sousedík.
=260  \\$aPraha :$bFilosofia,$c1996.
=300  \\$a48 s.
=380  \\$iMajor genre$aSecondary literature$leng
=490  1\$aParva philosophica ;$vsv. 9
=520  2\$aStudie seznamující s: Caramuel z Lobkovic Jan a s jeho latinsky psaným textem z r. 1644 Animadversiones in Meditationes Cartesianas (Připomínky k Descartovým meditacím), zveřejněným v r. 1972 italským badatelem: Pastine Dino); s úvodem a s kapitolami: Caramuelův život; Literárněhistorický úvod ke Caramuelovým Připomínkám a k Descartovým Meditacím; Připomínky Caramuela Lobkovického k Descartovým Meditacím, jimiž se zcela jasně ukazuje, že Descartes nic nedokázal; Komentář; Descartes a české baroko.
=524  \\$aSOUSEDÍK, Stanislav: René Descartes a české baroko. Praha : Filosofia, 1996.
=599  \\$axbibl
=600  14$aPastine, Dino
=600  17$aCaramuel Lobkowitz, Juan$d(1606-1682)$7ola2002158381$2czenas$1http://viaf.org/viaf/51773022
=600  17$aDescartes, René$d(1596-1650)$7jn19990001725$2czenas$1http://viaf.org/viaf/41838958
=650  04$astarší česká literatura
=650  07$abaroko$7ph118766$2czenas
=650  07$afilozofie$7ph114540$2czenas
=650  07$akarteziánství$7ph121486$2czenas
=650  07$aliteratura a filozofie$7ph122368$2czenas
=650  07$aliterární komparatistika$7ph137146$2czenas
=650  07$aliterární teorie$7ph116427$2czenas
=650  07$aosobnosti$7ph115615$2czenas
=655  \7$akomentáře$7fd132578$2czenas
=655  \7$astudie$7fd133597$2czenas
=787  08$aCaramuel, z Lobkovic Jan$tPřipomínky k Descartovým meditacím$4spis
=787  08$aDescartes, René$tMeditace o první filosofii$4spis
=830  \0$aParva philosophica
=910  \\$aABB060
=964  \\$a02.06
=964  \\$a02.07
=964  \\$a03.02.04
=964  \\$a04.07.04
=964  \\$a05
=964  \\$aB80
=995  \\$aČeská Literární Bibliografie
=FMT  BK
=OWN  \\$aUCLA
=SIF  \\$ass
=ZAR  \\$hspis

