=LDR  02360nam a22005294a 4500
=001  001559939
=003  CZ\PrUCL
=005  20200417171920.0
=008  040126s1996\\\\xr\\\\\\\\\\\\|||\||cze\d
=015  \\$acnb000147895
=035  \\$a(ISIS-B80-ID)B9047795
=035  \\$a(ISIS-B80-MFN)95940
=040  \\$aABB060$bcze
=072  \7$a821.162.3.09$xČeská literatura (o ní)$2Konspekt$911
=245  00$aSlovník Klubu autorů literatury faktu /$cusp. a ediční poznámku napsali Eduard Čejka, Jan Halada.
=260  \\$aPraha :$bKlub autorů literatury faktu,$c1996.
=300  \\$aNestránkováno.
=380  \\$iMajor genre$aSecondary literature$leng
=500  \\$aVydáno u příležitosti 10. výročí trvání KALF.
=506  \\$aB80AN
=506  \\$aBez čísla ISBN.
=520  2\$aSlovník 56 autorů - členů Klubu autorů literatury faktu (KALF), s úvodními statěmi: Adlt Jaromír, Literatura faktu jako svébytný žánr (12 s.); Halada Jan, Z historie literatury faktu (9 s.); Ivanov Miroslav, Jak vznikl KALF (4 s.); s ediční poznámkou.
=524  \\$aČEJKA, Eduard - HALADA, Jan: Slovník Klubu autorů literatury faktu. Praha : Klub autorů literatury faktu, 1996.
=599  \\$axbibl
=600  17$aAdlt, Jaromír$d(1930- )$7jn19990209005$2czenas$1http://viaf.org/viaf/83997359
=600  17$aHalada, Jan$d(1942- )$7jk01033195$2czenas$1http://viaf.org/viaf/73931140
=600  17$aIvanov, Miroslav$d(1929-1999)$7jk01050574$2czenas$1http://viaf.org/viaf/19691033
=610  27$aKlub autorů literatury faktu$7kn20010711224$2czenas
=648  \7$a1951-2000$7ch460577$2czenas
=650  07$aliteratura faktu$7ph122372$2czenas
=650  07$aliterární žánry$7ph122406$2czenas
=650  07$ačeští spisovatelé$7ph128175$2czenas
=655  \7$abiografické slovníky$7fd131906$2czenas
=655  \7$apříručky$7fd133209$2czenas
=700  1\$aHalada, Jan$d(1942- )$4com$4edt$7jk01033195$1http://viaf.org/viaf/73931140
=700  1\$aČejka, Eduard$d(1931-2007)$4com$4edt$7jn19981002552$1http://viaf.org/viaf/61965757
=710  2\$aKlub autorů literatury faktu$1http://viaf.org/viaf/139226774
=910  \\$aABB060
=964  \\$a02.04
=964  \\$a02.10.01
=964  \\$a02.12.04
=964  \\$a03.16.02
=964  \\$aB80
=995  \\$aČeská Literární Bibliografie
=FMT  BK
=OWN  \\$aUCLA
=SIF  \\$ass

