=LDR  03392nam a22005894a 4500
=001  001559940
=003  CZ\PrUCL
=005  20200816193140.0
=008  170104s1996\\\\xr\\\\\\\\\\\\|||\||cze\d
=035  \\$a(ISIS-B80-ID)B9047796
=035  \\$a(ISIS-B80-MFN)95941
=040  \\$aABB060$bcze
=080  \\$a(035)$2MRF
=245  00$aSlovník spisovatelů :$bAnglická lit. Africké lit. v angličtině. Australská lit. Indická lit. v angličtině. Irská lit. Kanadská lit. v angličtině. Karibská lit. v angličtině. Novozélandská lit. Skotská lit. Waleská lit /$cautorský kolektiv vedli a předmluvu (s. 7-10) napsali Martin Procházka, Zdeněk Stříbrný ; úvodní studie (s. 13-90) napsali Iva Gilbertová, Eva Oliveriusová, Věra Pálenská, Martin Procházka, Don Sparling, Zdeněk Stříbrný, Vladimíra Šatavová.
=260  \\$aPraha :$bLibri,$c1996.
=300  \\$a760 s.
=380  \\$iMajor genre$aSecondary literature$leng
=520  2\$aSlovníková příručka (rozšířený předposlední svazek někdejší edice Slovníky spisovatelů vydávané nakladatelstvím Odeon, původně plánovaný jako Slovník spisovatelů Anglie, Austrálie a Kanady) obsahující 1410 hesel (včetně informací o českých překladech děl zastoupených autorů).
=524  \\$aPROCHÁZKA, Martin - STŘÍBRNÝ, Zdeněk - GILBERTOVÁ, Iva et al.: Slovník spisovatelů : Anglická lit. Africké lit. v angličtině. Australská lit. Indická lit. v angličtině. Irská lit. Kanadská lit. v angličtině. Karibská lit. v angličtině. Novozélandská lit. Skotská lit. Waleská lit. Úvodní studie napsali Iva Gilbertová, Eva Oliveriusová, Věra Pálenská, Martin Procházka, Don Sparling, Zdeněk Stříbrný, Vladimíra Šatavová. Praha : Libri, 1996.
=599  \\$axbibl
=610  24$aOdeon$xOPRAVA UCL
=650  04$aučebnice, slovníky a příručky$xOPRAVA UCL
=650  07$aanglicky psaná literatura$7ph117173$2czenas
=650  07$apřekladatelství$7ph124891$2czenas
=650  \7$aEnglish literature$2ELB-n
=651  \7$aAfrika$7ge137148$2czenas
=651  \7$aAustrálie$7ge128695$2czenas
=651  \7$aIndie$7ge129384$2czenas
=651  \7$aIrsko$7ge130752$2czenas
=651  \7$aKanada$7ge129527$2czenas
=651  \7$aKaribská oblast$7ge149789$2czenas
=651  \7$aNový Zéland$7ge130252$2czenas
=651  \7$aSkotsko$7ge130825$2czenas
=651  \7$aWales$7ge131399$2czenas
=655  \7$apříručky$7fd133209$2czenas
=700  1\$aGilbertová, Iva$4aui$7mzk2014839455$1http://viaf.org/viaf/310734626
=700  1\$aOliveriusová, Eva$d(1928-2020)$4aui$7jk01091061$1http://viaf.org/viaf/83846807
=700  1\$aProcházka, Martin$d(1953- )$4aui$4red$4aui$7jo20000071170$1http://viaf.org/viaf/18922267
=700  1\$aPálenská, Věra$d(1938- )$4aui$7mub2010583926$1http://viaf.org/viaf/122210299
=700  1\$aSparling, Don$4aui$7ola2003206243$1http://viaf.org/viaf/29105197
=700  1\$aStříbrný, Zdeněk$d(1922-2014)$4aui$4red$4aui$7jk01121546$1http://viaf.org/viaf/4018896
=700  1\$aŠatavová, Vladimíra$d(1950- )$4aui$7mzk2003188117$1http://viaf.org/viaf/84551507
=787  08$tSlovníky spisovatelů$4slovník
=910  \\$aABB060
=964  \\$a02.08
=964  \\$a02.12.04
=964  \\$a04.01
=964  \\$aB80
=995  \\$aČeská Literární Bibliografie
=FMT  BK
=OWN  \\$aUCLA
=SIF  \\$ass

