=LDR  01221nam a22003734a 4500
=001  001559941
=003  CZ\PrUCL
=005  20210309105311.0
=008  170104s1995\\\\xr\\\\\\\\\\\\|||\||cze\d
=035  \\$a(ISIS-B80-ID)B9047797
=035  \\$a(ISIS-B80-MFN)95942
=040  \\$aABB060$bcze
=080  \\$a(048.8)$2MRF
=100  1\$aTrapl, Miloš$d(1935- )$7jk01140024$4aut$1http://viaf.org/viaf/27195259
=245  10$aMonsignore Jan Šrámek /$cMiloš Trapl.
=260  \\$aOlomouc :$bDanal,$c1995.
=300  \\$a116 s.
=380  \\$iMajor genre$aSecondary literature$leng
=500  \\$aVydáno k 125. výročí narození Jana Šrámka.
=520  2\$aMonografie, mj. s kapitolou Spolupráce s: Katolická moderna.
=524  \\$aTRAPL, Miloš: Monsignore Jan Šrámek. Olomouc : Danal, 1995.
=599  \\$axbibl
=600  17$aŠrámek, Jan$d(1870-1956)$7jk01130979$2czenas$1http://viaf.org/viaf/20764645
=650  07$akatolicismus$7ph121523$2czenas
=650  07$akatoličtí kněží$7ph114899$2czenas
=655  \7$amonografie$7fd132842$2czenas
=910  \\$aABB060
=964  \\$a02.06
=964  \\$a05
=964  \\$aB80
=995  \\$aČeská Literární Bibliografie
=FMT  BK
=OWN  \\$aUCLA
=SIF  \\$ass

