=LDR  02698nam a22005894a 4500
=001  001559942
=003  CZ\PrUCL
=008  170104s1994\\\\xr\\\\\\\\\\\\|||\||cze\d
=035  \\$a(ISIS-B80-ID)B9047798
=035  \\$a(ISIS-B80-MFN)95943
=040  \\$aABB060$bcze
=080  \\$a(048.8)$2MRF
=080  \\$a(093)$2MRF
=245  00$aO cenzuře v Československu v letech 1945-1956 :$bStudie /$csestavili, úvod (s. 7) a úvodní studie napsali Karel Kaplan, Dušan Tomášek
=260  \\$aPraha :$bÚstav pro soudobé dějiny AV ČR,$c1994
=300  \\$a184 s.
=380  \\$iMajor genre$aSecondary literature$leng
=380  \\$iMajor genre$aLiterature$leng
=381  \\$iMajor genre$aOther$leng
=490  1\$aSešity Ústavu pro soudobé dějiny AV ČR ;$vsv. 22
=520  2\$aSborník dokumentů (oddíl Přílohy, s. 63-181, mj. pokyny knihovnám k provedení prověrky knižních fondů, se seznamy knih určených v r. 1953 k vyřazení a se seznamem časopisů zastavených po únoru 1948), s úvodními studiemi: Kaplan Karel, Cenzura 1945-1953 (s. 8-17); Informační monopol režimu (s. 50-62); Tomášek Dušan, Hlavní správa tiskového dohledu (s. 18-49).
=524  \\$aKAPLAN, Karel - TOMÁŠEK, Dušan: O cenzuře v Československu v letech 1945-1956 : Studie. Praha : Ústav pro soudobé dějiny AV ČR, 1994.
=599  \\$axbibl
=600  17$aKaplan, Karel$d(1928- )$7jk01052903$2czenas$1http://viaf.org/viaf/31998271
=600  17$aTomášek, Dušan$d(1924-2016)$7jk01132659$2czenas$1http://viaf.org/viaf/41886265
=610  24$aKSČ$xOPRAVA UCL
=648  \7$a1941-1950$7ch460582$2czenas
=648  \7$a1951-1960$7ch460583$2czenas
=650  04$aliteratura (obecně)$xOPRAVA UCL
=650  04$aliterární časopisy a sborníky$xOPRAVA UCL
=650  04$anakladatelské otázky$xOPRAVA UCL
=650  07$acenzura$7ph119104$2czenas
=650  07$ačeská literatura$7ph116858$2czenas
=650  \7$aCzech literature$2ELB-n
=655  \7$adokumenty$7fd132064$2czenas
=655  \7$astudie$7fd133597$2czenas
=700  1\$aKaplan, Karel$d(1928- )$4com$4aui$7jk01052903$1http://viaf.org/viaf/31998271
=700  1\$aTomášek, Dušan$d(1924-2016)$4com$4aui$7jk01132659$1http://viaf.org/viaf/41886265
=710  2\$aÚstav pro soudobé dějiny AV ČR ;$1http://viaf.org/viaf/140874825
=710  2\$aÚstav pro soudobé dějiny AV ČR ;$1http://viaf.org/viaf/307481575
=830  \0$aSešity Ústavu pro soudobé dějiny AV ČR
=910  \\$aABB060
=964  \\$a01
=964  \\$a02.09.01
=964  \\$a02.11
=964  \\$a03.10
=964  \\$a03.11
=964  \\$aB80
=995  \\$aČeská Literární Bibliografie
=FMT  BK
=OWN  \\$aUCLA
=SIF  \\$ass

