=LDR  01782nam a22004094a 4500
=001  001559943
=003  CZ\PrUCL
=008  170104s1995\\\\xr\\\\\\\\\\\\|||\||cze\d
=035  \\$a(ISIS-B80-ID)B9047799
=035  \\$a(ISIS-B80-MFN)95944
=040  \\$aABB060$bcze
=041  1\$acze$hger
=080  \\$a(048.8)$2MRF
=100  1\$aFrenzel, Ivo$d(1924-2014)$7xx0073692$4aut$1http://viaf.org/viaf/5691643
=245  10$aFriedrich Nietzsche /$cIvo Frenzel ; z německého originálu (Reinbek bei Hamburg, Rowohlt Verlag GmbH 1992) přeložila Růžena Grebeníčková
=260  \\$aPraha :$bMladá fronta,$c1995
=300  \\$a200 s.
=380  \\$iMajor genre$aSecondary literature$leng
=520  2\$aMonografie; s výběrovou bibliografií děl F. N. a literatury o něm (s. 181-195) s časovou tabulkou a s jmenným rejstříkem).
=524  \\$aFRENZEL, Ivo - GREBENÍČKOVÁ, Růžena: Friedrich Nietzsche. Z německého originálu (Reinbek bei Hamburg, Rowohlt Verlag GmbH 1992) přeložila Růžena Grebeníčková. Praha : Mladá fronta, 1995.
=599  \\$axbibl
=600  17$aNietzsche, Friedrich$d(1844-1900)$7jn19990006124$2czenas$1http://viaf.org/viaf/89798474
=650  04$aněmecká německá literární teorie$xOPRAVA UCL
=650  07$afilozofie$7ph114540$2czenas
=650  07$aosobnosti$7ph115615$2czenas
=655  \7$amonografie$7fd132842$2czenas
=700  1\$aGrebeníčková, Růžena$d(1925-1997)$4trl$7jk01032606$1http://viaf.org/viaf/72790783
=710  2\$aMladá fronta$1http://viaf.org/viaf/154959962
=710  2\$aMladá fronta (nakladatelství)$1http://viaf.org/viaf/148958144
=910  \\$aABB060
=964  \\$a04.17.04
=964  \\$a05
=964  \\$aB80
=995  \\$aČeská Literární Bibliografie
=FMT  BK
=OWN  \\$aUCLA
=SIF  \\$ass

