=LDR  02332nam a22005054a 4500
=001  001559944
=003  CZ\PrUCL
=005  20210312141906.0
=008  141209s1992\\\\xr\\\\\\\\\\\\|||\||cze\d
=035  \\$a(ISIS-B80-ID)B9047800
=035  \\$a(ISIS-B80-MFN)95945
=040  \\$aABB060$bcze
=041  1\$acze$hger
=080  \\$a(048.8)$2MRF
=100  1\$aSchiller, Friedrich$d(1759-1805)$7jn19992001048$4aut$1http://viaf.org/viaf/96994450
=245  10$aVýbor z filozofických spisů /$cFriedrich Schiller ; z německých originálů (z vyd. F. Sch., Über Kunst und Wirklichkeit, Leipzig 1975) přeložili František Demel, Ivan Ozarčuk ; texty vybral, usp., úvodní stať Schillerovy úvahy o umění (s. 7-40) napsal a poznámky k jednotlivým statím vypracoval Milan Sobotka.
=260  \\$aPraha :$bNakladatelství Svoboda-Libertas,$c1992.
=300  \\$a316 s.
=380  \\$iMajor genre$aSecondary literature$leng
=490  1\$aFilozofické dědictví
=520  2\$aS oddíly; Listy o kráse (s. 41-72), O půvabu a důstojnosti (s. 73-127), Listy o estetické výchově (s. 128-228), O naivním a sentimentálním básnictví (s. 229-317).
=524  \\$aSCHILLER, Friedrich - DEMEL, František - OZARČUK, Ivan et al.: Výbor z filozofických spisů. Texty vybral, usp., úvodní stať Schillerovy úvahy o umění napsal a poznámky k jednotlivým statím vypracoval Milan Sobotka. Praha : Nakladatelství Svoboda-Libertas, 1992.
=599  \\$axbibl
=650  04$afilosofie$xOPRAVA UCL
=650  04$aliteratura (obecně)$xOPRAVA UCL
=650  04$aněmecká německá literární teorie$xOPRAVA UCL
=650  04$ateorie literatury$xOPRAVA UCL
=650  07$aestetika$7ph117189$2czenas
=650  07$aetika$7ph114488$2czenas
=650  07$aliteratura a filozofie$7ph122368$2czenas
=655  \7$astudie$7fd133597$2czenas
=700  1\$aDemel, František$4trl$xOPRAVA UCL
=700  1\$aOzarčuk, Ivan$4trl$7jx20080319022$1http://viaf.org/viaf/84407981
=700  1\$aSobotka, Milan$d(1927- )$4com$4com$4aui$7jk01120262$1http://viaf.org/viaf/267428430
=830  \0$aFilozofické dědictví
=910  \\$aABB060
=964  \\$a01
=964  \\$a02.01
=964  \\$a02.06
=964  \\$a04.17.04
=964  \\$aB80
=995  \\$aČeská Literární Bibliografie
=FMT  BK
=OWN  \\$aUCLA
=SIF  \\$ass

