=LDR  02994nam a22006254a 4500
=001  001560439
=003  CZ\PrUCL
=005  20200425160723.0
=008  170104s1996\\\\xr\\\\\\\\\\\\|||\||cze\d
=015  \\$acnb000146969
=020  \\$a80-85787-39-3
=035  \\$a(ISIS-B80-ID)B9048201
=035  \\$a(ISIS-B80-MFN)96440
=040  \\$aABB060$bcze
=072  \7$a821.162.3.09$xČeská literatura (o ní)$2Konspekt$911
=080  \\$a(0:82-94)$2MRF
=100  1\$aHauková, Jiřina$d(1919-2005)$7jk01040170$4aut$1http://viaf.org/viaf/10002558
=245  10$aZáblesky života /$cJiřina Hauková.
=260  \\$aJinočany :$bH & H,$c1996.
=300  \\$a208 s.
=380  \\$iMajor genre$aLiterature$leng
=381  \\$iMajor genre$aOther$leng
=520  2\$aKniha pamětí (mj. o uvedených osobnostech, též o anglických básnících).
=524  \\$aHAUKOVÁ, Jiřina: Záblesky života. Jinočany : H & H, 1996.
=599  \\$axbibl
=600  17$aBlatný, Ivan$d(1919-1990)$7jk01012262$2czenas$1http://viaf.org/viaf/39410335
=600  17$aChalupecký, Jindřich$d(1910-1990)$7jk01050063$2czenas$1http://viaf.org/viaf/14798286
=600  17$aChudoba, František$d(1878-1941)$7jk01050381$2czenas$1http://viaf.org/viaf/23156935
=600  17$aEliot, T.S. (Thomas Stearns)$q(Thomas Stearns),$d(1888-1965)$7jn19990002039$2czenas$1http://viaf.org/viaf/56609282
=600  17$aHalas, František$d(1901-1949)$7jk01033200$2czenas$1http://viaf.org/viaf/27099101
=600  17$aHauková, Jiřina$d(1919-2005)$7jk01040170$2czenas$1http://viaf.org/viaf/10002558
=600  17$aJakobson, Roman$d(1896-1982)$7jk01050675$2czenas$1http://viaf.org/viaf/59084146
=600  17$aJelínek, Ivan$d(1909-2002)$7jn19981001556$2czenas$1http://viaf.org/viaf/17286858
=600  17$aKainar, Josef$d(1917-1971)$7jk01052554$2czenas$1http://viaf.org/viaf/20482864
=600  17$aKolář, Jiří$d(1914-2002)$7jk01061244$2czenas$1http://viaf.org/viaf/97968340
=600  17$aMikulášek, Oldřich$d(1910-1985)$7jk01081628$2czenas$1http://viaf.org/viaf/77700055
=600  17$aRaine, Kathleen$d(1908-2003)$7xx0003747$2czenas$1http://viaf.org/viaf/71396599
=600  17$aRead, Herbert$csir,$d(1893-1968)$7skuk0001153$2czenas$1http://viaf.org/viaf/24619891
=600  17$aSoučková, Milada$d(1899-1983)$7jz8001161$2czenas$1http://viaf.org/viaf/92629972
=600  17$aSpender, Stephen$d(1909-1995)$7ola2003174852$2czenas$1http://viaf.org/viaf/39398656
=600  17$aThomas, Dylan$d(1914-1953)$7jn19990008499$2czenas$1http://viaf.org/viaf/73860698
=610  27$aSkupina 42 (umělecká skupina)$7kn20010710614$2czenas
=650  07$aanglicky psaná literatura$7ph117173$2czenas
=650  07$ačeské básnířky$7ph307594$2czenas
=650  \7$aEnglish literature$2ELB-n
=655  \7$apaměti$7fd132997$2czenas
=910  \\$aABB060
=964  \\$a03.05
=964  \\$a04.01
=964  \\$a05
=964  \\$aB80
=995  \\$aČeská Literární Bibliografie
=FMT  BK
=OWN  \\$aUCLA
=SIF  \\$ass

