=LDR  05228nam a22007454a 4500
=001  001560440
=003  CZ\PrUCL
=005  20170520181226.0
=008  170104s1996\\\\xr\\\\\\\\\\\\|||\||cze\d
=035  \\$a(ISIS-B80-ID)B9048202
=035  \\$a(ISIS-B80-MFN)96441
=040  \\$aABB060$bcze
=080  \\$a(048.8)$2MRF
=080  \\$a(048.83)$2MRF
=100  1\$aTrávníček, Jiří$d(1960- )$7jn19981002255$1http://viaf.org/viaf/118311196
=245  10$aPoezie poslední možnosti /$cJiří Trávníček.
=260  \\$aPraha :$bTorst,$c1996.
=300  \\$a243 s.
=380  \\$iMajor genre$aSecondary literature$leng
=490  1\$aMalá řada kritického myšlení
=520  2\$aSoubor interpretačních studií, s úvodem Česká poezie v zastaveném čase (s. 7-18) a s kapitolami: Divadlo bolesti (Orten Jiří, Elegie, psány 1941, vydány 1946), s. 19-36; Ortel svobody (Kainar Josef, Nové mythy, 1946), s. 37-52; Pravda konfese - pravda poezie (Zahradníček Jan, Znamení moci, psáno 1950-1951, časopisecky vydáno 1967, knižně 1968 - v Římě, 1970 - náklad zničen, v samizdatu 1979, 1984 a 1989, tiskem 1990), s. 53-67; Bytí skrze ne-bytí (Holan Vladimír, Bolest, psána 1949-1955, vydána 1965), s. 68-84; Osud ve stavu řeči (Kolář Jiří, Vršovický Ezop, psán 1954-1957, v neúplné podobě vydán 1966, v úplné 1993), s. 85-98; Vykoupen ve vlastním zatracení (Zábrana Jan, Stránky z deníku, psány především 1953-1956, doplněny a zredigovány v druhé polovině šedesátých let, vydány 1968, v rozšířené verzi 1993), s. 99-116; Krajina bezčasí (Wernisch Ivan, Zimohrádek, 1965), s. 117-131; Vůle k zániku (Hejda Zbyněk, Blízkosti smrti, psány 1962-1965, 1970 sazba rozmetána, vydány v samizdatu 1978 a 1979, 1985 v Mnichově [s chybami], autorizované tištěné vydání 1992), s. 132-149; Král černé nicoty a sebezmaru (Mikulášek Oldřich, Agogh, psán 1969-1971, 1971 - sazba rozmetána, vydán v samizdatu 1973, 1980 - v Mnichově, tiskem 1990), s. 150-165; Pod sankcí paměti (Blatný Ivan, Pomocná škola Bixley, psána 1979, vydána v samizdatu 1982,1984, 1987 - v Torontu /editor Antonín Brousek/, tiskem 1994), s. 166-184; Běsy a stesky kajícníkovy (Jirous Ivan Martin, Magorovy labutí písně, vydány v samizdatu 1985, ve zredigované verzi 1986 - v Mnichově), s. 185-198; Strmý osamělec (Jelínek Ivan, Světlo a tma, 1991), s. 199-215; se soupisem literatury (s. 217-233), s ediční poznámkou (s. 234-235), se jmenným rejstříkem.
=524  \\$aTRÁVNÍČEK, Jiří: Poezie poslední možnosti. Praha : Torst, 1996.
=599  \\$axbibl
=600  17$aBlatný, Ivan$d(1919-1990)$7jk01012262$2czenas$1http://viaf.org/viaf/39410335
=600  17$aBrousek, Antonín$d(1941-2013)$7jk01013187$2czenas$1http://viaf.org/viaf/41962751
=600  17$aHejda, Zbyněk$d(1930-2013)$7jk01040549$2czenas$1http://viaf.org/viaf/2503859
=600  17$aHolan, Vladimír$d(1905-1980)$7jk01041653$2czenas$1http://viaf.org/viaf/12227
=600  17$aJelínek, Ivan$d(1909-2002)$7jn19981001556$2czenas$1http://viaf.org/viaf/17286858
=600  17$aJirous, Ivan Martin$d(1944-2011)$7jn19981001568$2czenas$1http://viaf.org/viaf/119364641
=600  17$aKainar, Josef$d(1917-1971)$7jk01052554$2czenas$1http://viaf.org/viaf/20482864
=600  17$aKolář, Jiří$d(1914-2002)$7jk01061244$2czenas$1http://viaf.org/viaf/97968340
=600  17$aMikulášek, Oldřich$d(1910-1985)$7jk01081628$2czenas$1http://viaf.org/viaf/77700055
=600  17$aOrten, Jiří$d(1919-1941)$7jk01091274$2czenas$1http://viaf.org/viaf/24101
=600  17$aWernisch, Ivan$d(1942- )$7jk01151615$2czenas$1http://viaf.org/viaf/119365018
=600  17$aZahradníček, Jan$d(1905-1960)$7jk01151940$2czenas$1http://viaf.org/viaf/76367623
=600  17$aZábrana, Jan$d(1931-1984)$7jz8001457$2czenas$1http://viaf.org/viaf/71448238
=648  \7$a1941-1950$7ch460582$2czenas
=648  \7$a1951-2000$7ch460577$2czenas
=650  07$ačeská poezie$7ph150471$2czenas
=650  \7$aCzech literature$2ELB-n
=650  \7$aPoetry$2ELB-g
=655  \4$arozbory díla
=655  \7$astudie$7fd133597$2czenas
=710  2\$aNakladatelství Torst$1http://viaf.org/viaf/134181622
=787  08$aBlatný, Ivan$tPomocná škola Bixley$4sbírka básní
=787  08$aHejda, Zbyněk$tBlízkosti smrti$4sbírka básní
=787  08$aHolan, Vladimír$tBolest$4sbírka básní
=787  08$aJelínek, Ivan$tSvětlo a tma$4sbírka básní
=787  08$aJirous, Ivan Martin$tMagorovy labutí písně$4sbírka básní
=787  08$aKainar, Josef$tNové mythy$4sbírka básní
=787  08$aKolář, Jiří$tVršovický Ezop$4sbírka básní
=787  08$aMikulášek, Oldřich$tAgogh$4sbírka básní
=787  08$aOrten, Jiří$tElegie$4sbírka básní
=787  08$aWernisch, Ivan$tZimohrádek$4sbírka básní
=787  08$aZahradníček, Jan$tZnamení moci$4sbírka básní
=787  08$aZábrana, Jan$tStránky z deníku$4sbírka básní
=830  \0$aMalá řada kritického myšlení
=910  \\$aABB060
=964  \\$a03.10.01
=964  \\$a03.16.01
=964  \\$aB80
=995  \\$aČeská Literární Bibliografie
=FMT  BK
=OWN  \\$aUCLA
=SIF  \\$ass

