=LDR  01668nam a22003734a 4500
=001  001560441
=003  CZ\PrUCL
=005  20210309105041.0
=008  170104s1995\\\\xr\\\\\\\\\\\\|||\||cze\d
=035  \\$a(ISIS-B80-ID)B9048203
=035  \\$a(ISIS-B80-MFN)96442
=040  \\$aABB060$bcze
=080  \\$a(082)$2MRF
=245  00$aUniverzity na prahu nového tisíciletí. - The University on the Threshold of the New Millenium :$bSv.1, 2. Sborník mezinárodní konference. - Proceedengs of the International Conference. 2.-3.11.1994 /$credakce Zbyněk Z. Stránský.
=260  \\$aBrno :$bMasarykova univerzita,$c1995.
=300  \\$a342 s., 488 s.
=380  \\$iMajor genre$aLiterature$leng
=381  \\$iMajor genre$aOther$leng
=520  2\$aMj. s příspěvkem: Spousta Vladimír, Klasifikace genetických souvislostí hudebních, literárních a výtvarných děl (sv. 1, s. 271-291).
=524  \\$aSTRÁNSKÝ, Zbyněk: Univerzity na prahu nového tisíciletí. - The University on the Threshold of the New Millenium : Sv. 1, 2. Sborník mezinárodní konference. - Proceedengs of the International Conference. 2. -3. 11. 1994. Brno : Masarykova univerzita, 1995.
=599  \\$axbibl
=600  17$aSpousta, Vladimír$d(1930- )$7jn19990209789$2czenas$1http://viaf.org/viaf/36429443
=650  07$auniverzity$7ph126937$2czenas
=655  \7$asborníky$7fd163935$2czenas
=700  1\$aStránský, Zbyněk Z$d(1926-2016)$4red$7jk01121371$1http://viaf.org/viaf/49259008
=910  \\$aABB060
=964  \\$a01
=964  \\$a02.06
=964  \\$a02.10.02
=964  \\$aB80
=995  \\$aČeská Literární Bibliografie
=FMT  BK
=OWN  \\$aUCLA
=SIF  \\$ass

