=LDR  01427nam a22003974a 4500
=001  001560442
=003  CZ\PrUCL
=005  20210309105006.0
=008  170104s1994\\\\xr\\\\\\\\\\\\|||\||cze\d
=035  \\$a(ISIS-B80-ID)B9048204
=035  \\$a(ISIS-B80-MFN)96443
=040  \\$aABB060$bcze
=080  \\$a(01)$2MRF
=245  00$aO životě a díle českých a slovenských pedagogů :$bLiteratura z let 1990-1992 /$czpracovali František Holek, Jana Purketová.
=260  \\$aBrno :$bMZK :$bPedagogická knihovna,$c1994.
=300  \\$a115 s.
=380  \\$iMajor genre$aSecondary literature$leng
=520  2\$aBibliografický soupis; se seznamem excerpovaných časopisů, novin a sborníků, s rejstříkem autorů.
=524  \\$aHOLEK, František - PURKETOVÁ, Jana: O životě a díle českých a slovenských pedagogů : Literatura z let 1990-1992. Brno : MZK : Pedagogická knihovna, 1994.
=599  \\$axbibl
=648  \4$a1990-1992
=650  07$apedagogika$7ph115703$2czenas
=650  07$apedagogové$7ph137912$2czenas
=655  \7$abibliografie$7fd131898$2czenas
=700  1\$aHolek, František$4edt
=700  1\$aPurketová, Jana$d(1942- )$4edt$7mzk2002105545$1http://viaf.org/viaf/70491433
=910  \\$aABB060
=964  \\$a02.06
=964  \\$a02.12.01
=964  \\$a03.15
=964  \\$a04.25
=964  \\$aB80
=995  \\$aČeská Literární Bibliografie
=FMT  BK
=OWN  \\$aUCLA
=SIF  \\$ass

