=LDR  02027nam a22004574a 4500
=001  001560444
=003  CZ\PrUCL
=008  170104s1995\\\\xr\\\\\\\\\\\\|||\||cze\d
=035  \\$a(ISIS-B80-ID)B9048206
=035  \\$a(ISIS-B80-MFN)96445
=040  \\$aABB060$bcze
=080  \\$a(01)$2MRF
=080  \\$a(092)$2MRF
=245  00$aKdy zemřeli...? :$b...1986-1990. Část 2. K - Ž. Přehled českých spisovatelů a publicistů zemřelých v letech 1986-1990 s doplňky za předchozí léta /$czpracovala Eva Kubásková
=260  \\$aPraha :$bNárodní knihovna, Národní středisko bibliografických informací,$c1995
=300  \\$a338 s. Rozmnoženo
=380  \\$iMajor genre$aSecondary literature$leng
=380  \\$iMajor genre$aLiterature$leng
=381  \\$iMajor genre$aOther$leng
=520  2\$aBiograficko-bibliografický soupis; s opravy a doplňky k 1. dílu A - J a k předchozím svazkům (s. 3-5), se seznamem zkratek citovaných encyklopedií a slovníků a s výběrovým soupisem používaných zkratek.
=524  \\$aKUBÁSKOVÁ, Eva: Kdy zemřeli...? :...1986-1990. Část 2. K - Ž. Přehled českých spisovatelů a publicistů zemřelých v letech 1986-1990 s doplňky za předchozí léta. Praha : Národní knihovna, Národní středisko bibliografických informací, 1995.
=599  \\$axbibl
=648  \7$a1981-1990$7ch460586$2czenas
=648  \7$a1991-2000$7ch460587$2czenas
=650  04$aliterární bibliografie a různé soupisy$xOPRAVA UCL
=650  04$aučebnice, slovníky a příručky$xOPRAVA UCL
=650  07$ačeská literatura$7ph116858$2czenas
=650  \7$aCzech literature$2ELB-n
=655  \7$abibliografie$7fd131898$2czenas
=655  \7$abiografie$7fd131909$2czenas
=700  1\$aKubásková, Eva$4edt$7js20080504011$1http://viaf.org/viaf/52998868
=910  \\$aABB060
=964  \\$a02.12.01
=964  \\$a02.12.04
=964  \\$a03.14
=964  \\$a03.15
=964  \\$aB80
=995  \\$aČeská Literární Bibliografie
=FMT  BK
=OWN  \\$aUCLA
=SIF  \\$ass

