=LDR  02749nam a22004814a 4500
=001  001560445
=003  CZ\PrUCL
=005  20180731120556.0
=008  170104s1995\\\\xr\\\\\\\\\\\\|||\||cze\d
=035  \\$a(ISIS-B80-ID)B9048207
=035  \\$a(ISIS-B80-MFN)96446
=040  \\$aABB060$bcze
=080  \\$a(0.072)$2MRF
=080  \\$a(01)$2MRF
=100  1\$aVašica, Josef$d(1884-1968)$7jk01141678$4aut$1http://viaf.org/viaf/2624405
=245  10$aZ církevněslovanských rukopisů Národní knihovny v Praze a Slovanské knihovny :$bSoupis a popis /$cJosef Vašica ; k vydání připravily Zoe Hauptová, Helena Rudlovčáková ; medailon Josef Vašica (30. 8. 1884-11. 4. 1968), s. 5-6, napsala Zoe Hauptová ; ediční poznámku (s. 7-11) napsala a Soupis prací Profesora Vašici (Původní spisy a redakce, Překlady, Literatura o Vašicovi), s. 143-195, sestavila Františka Sokolová.
=260  \\$aPraha :$bNárodní knihovna :$bSlovanská knihovna :$bSlovanský ústav,$c1995.
=300  \\$a200 s.
=380  \\$iMajor genre$aSecondary literature$leng
=490  1\$aEdice Slovanské knihovny
=520  2\$aS oddíly: Rukopisy z oddělení rukopisů Národní knihovny v Praze, psané hlaholským a cyrilským písmem (21 položek); Z cyrilských rukopisů Slovanské knihovny (26 položek).
=524  \\$aVAŠICA, Josef - HAUPTOVÁ, Zoe - RUDLOVČÁKOVÁ, Helena et al.: Z církevněslovanských rukopisů Národní knihovny v Praze a Slovanské knihovny : Soupis a popis. Ediční poznámku napsala a Soupis prací Profesora Vašici (Původní spisy a redakce, Překlady, Literatura o Vašicovi), s. 143-195, sestavila Františka Sokolová. Praha : Národní knihovna : Slovanská knihovna : Slovanský ústav, 1995.
=599  \\$axbibl
=600  17$aVašica, Josef$d(1884-1968)$7jk01141678$2czenas$1http://viaf.org/viaf/2624405
=650  04$astarší česká literatura
=650  07$abibliografie$7ph118867$2czenas
=650  07$acyrilice$7ph158340$2czenas
=650  07$acírkevněslovanské literatury$7ph558999$2czenas
=650  07$ahlaholice$7ph156681$2czenas
=650  07$aosobnosti$7ph115615$2czenas
=650  07$astaroslověnská literatura$7ph165762$2czenas
=650  \7$aSlavic literature$2ELB-n
=655  \7$akomentáře$7fd132578$2czenas
=700  1\$aHauptová, Zoe$d(1929-2012)$4aui$4edt$7jk01040187$1http://viaf.org/viaf/53739387
=700  1\$aRudlovčáková, Helena$d(1919-2007)$4edt$7jx20111107027$1http://viaf.org/viaf/37976598
=700  1\$aSokolová, Františka$d(1937- )$4edt$4com$7jk01120361$1http://viaf.org/viaf/9425090
=830  \0$aEdice Slovanské knihovny
=910  \\$aABB060
=964  \\$aB80
=995  \\$aČeská Literární Bibliografie
=FMT  BK
=OWN  \\$aUCLA
=SIF  \\$ass

