=LDR  01934nam a22003854a 4500
=001  001560456
=003  CZ\PrUCL
=005  20210309104812.0
=008  150214s1994\\\\xr\\\\\\\\\\\\|||\||cze\d
=020  \\$a80-7066-882-2
=035  \\$a(ISIS-B80-ID)B9048218
=035  \\$a(ISIS-B80-MFN)96457
=040  \\$aABB060$bcze
=080  \\$a(048.8)$2MRF
=100  1\$aSoukup, Václav$d(1957- )$7jn20000402254$4aut$1http://viaf.org/viaf/261859467
=245  10$aDějiny sociální a kulturní antropologie /$cVáclav Soukup.
=260  \\$aPraha :$bUniverzita Karlova,$c1994.
=300  \\$a228 s.
=380  \\$iMajor genre$aSecondary literature$leng
=490  1\$aActa Universitatis Carolinae. Philosophica et historica. Monographia ;$vč. 145
=520  2\$aMonografie, s kapitolami: Člověk a kultura jako předmět antropologického výzkumu, Základní oblasti výzkumu sociální a kulturní antropologie, Evolucionistická antropologie, Evropské difuzionistické školy v etnografii a antropologii, Americký historismus a kulturní relativismus, Funkcionalistická antropologie, Konfiguracionismus, Výzkumy osobnosti a kultury, Strukturální antropologie, Neoevolucionistická antropologie, Antropologie a ekologie, Antropologie a archeologie, Antropologie a biologie, Nová etnografie, Perspektivy současné antropologie; se seznamem vybrané bibliografie a vybraných antropologických časopisů.
=524  \\$aSOUKUP, Václav: Dějiny sociální a kulturní antropologie. Praha : Univerzita Karlova, 1994.
=599  \\$axbibl
=650  07$aetnografie$7ph137601$2czenas
=650  07$akulturní antropologie$7ph122018$2czenas
=655  \7$amonografie$7fd132842$2czenas
=830  \0$aActa Universitatis Carolinae. Philosophica et historica. Monographia
=910  \\$aABB060
=964  \\$a01
=964  \\$a02.06
=964  \\$aB80
=995  \\$aČeská Literární Bibliografie
=FMT  BK
=OWN  \\$aUCLA
=SIF  \\$ass

