=LDR  01991nam a22004694a 4500
=001  001560458
=003  CZ\PrUCL
=005  20210312141644.0
=008  150215s1991\\\\xr\\\\\\\\\\\\|||\||cze\d
=035  \\$a(ISIS-B80-ID)B9048220
=035  \\$a(ISIS-B80-MFN)96459
=040  \\$aABB060$bcze
=080  \\$a(0:82-94)$2MRF
=100  1\$aHochmanová-Burianová, Eva$7mzk2015872169$4aut$1http://viaf.org/viaf/316008677
=245  10$aZdeněk Burian - pravěk a dobrodružství :$b(Rodinné vzpomínky.) /$cEva Hochmanová-Burianová.
=260  \\$aPraha :$bMagnet-Press,$c1991.
=300  \\$a64 s.
=380  \\$iMajor genre$aLiterature$leng
=381  \\$iMajor genre$aOther$leng
=500  \\$aJako mimoediční svazek připravila redakce Dálky.
=520  2\$aMj. s kapitolami: Chlapecký skicář, Vstup do světa ilustrátorů, Hudba a literatura v naší rodině, Portréty a ilustrace, Otec a Indiáni, Eduard Štorch a nakladatelé (o: Štorch Eduard, Toužimský a Moravec); s obrazovou přílohou z díla Z. B (s. 26-64).
=524  \\$aHOCHMANOVÁ-BURIANOVÁ, Eva: Zdeněk Burian - pravěk a dobrodružství : (Rodinné vzpomínky. ). Praha : Magnet-Press, 1991.
=599  \\$axbibl
=600  17$aBurian, Zdeněk$d(1905-1981)$7jk01020396$2czenas$1http://viaf.org/viaf/100959889
=600  17$aŠtorch, Eduard$d(1878-1956)$7jk01131478$2czenas$1http://viaf.org/viaf/37689947
=610  27$aToužimský a Moravec (nakladatelství)$7xx0170094$2czenas
=650  04$anakladatelské otázky$xOPRAVA UCL
=650  07$ahudba a literatura$7ph114720$2czenas
=650  07$ailustrace$7ph114755$2czenas
=650  07$aliteratura a umění$7ph115156$2czenas
=650  07$aosobnosti$7ph115615$2czenas
=650  07$avýtvarné umění$7ph116708$2czenas
=655  \7$apaměti$7fd132997$2czenas
=910  \\$aABB060
=964  \\$a02.06
=964  \\$a02.09.01
=964  \\$a05
=964  \\$aB80
=995  \\$aČeská Literární Bibliografie
=FMT  BK
=OWN  \\$aUCLA
=SIF  \\$ass

