=LDR  01814nam a22003974a 4500
=001  001560459
=003  CZ\PrUCL
=008  170104s1995\\\\xr\\\\\\\\\\\\|||\||cze\d
=035  \\$a(ISIS-B80-ID)B9048221
=035  \\$a(ISIS-B80-MFN)96460
=040  \\$aABB060$bcze
=080  \\$a(035)$2MRF
=100  1\$aNovotný, Vladimír$d(1946- )$4aut$xOPRAVA UCL$1http://viaf.org/viaf/71551516
=245  10$aNová česká literatura :$bI. (1990-1995). Próza - poezie /$cVladimír Novotný ; předmluvu (4 s.) napsala Dagmar Thorauschová
=260  \\$aČeské Budějovice :$bPedagogické centrum,$c1995
=300  \\$a40 s.
=380  \\$iMajor genre$aSecondary literature$leng
=520  2\$aS kapitolami Charakteristika literárního vývoje v letech 1990-1995; Paraepický svět čtyřicátníků; Mezigenerační nonkonformisté; Postmodernisté a ti druzí; s výběrovou bibliografií nové české literatury (Básnické, prozaické a esejistické knihy autorů střední a mladší generace, vydané po roce 1990).
=524  \\$aNOVOTNÝ, Vladimír - THORAUSCHOVÁ, Dagmar: Nová česká literatura : I. (1990-1995). Próza - poezie. Předmluvu (4 s.) napsala Dagmar Thorauschová. České Budějovice : Pedagogické centrum, 1995.
=599  \\$axbibl
=648  \7$a1991-2000$7ch460587$2czenas
=650  04$aliterární bibliografie a různé soupisy$xOPRAVA UCL
=650  04$aučebnice, slovníky a příručky$xOPRAVA UCL
=650  07$ačeská literatura$7ph116858$2czenas
=650  \7$aCzech literature$2ELB-n
=655  \7$apříručky$7fd133209$2czenas
=700  1\$aThorauschová, Dagmar$4aui$xOPRAVA UCL
=910  \\$aABB060
=964  \\$a02.12.01
=964  \\$a02.12.04
=964  \\$a03.15
=964  \\$aB80
=995  \\$aČeská Literární Bibliografie
=FMT  BK
=OWN  \\$aUCLA
=SIF  \\$ass

