=LDR  01584nam a22004334a 4500
=001  001560471
=003  CZ\PrUCL
=005  20191231132521.0
=008  170104s1996\\\\xr\\\\\\\\\\\\|||\||cze\d
=035  \\$a(ISIS-B80-ID)B9048233
=035  \\$a(ISIS-B80-MFN)96472
=040  \\$aABB060$bcze
=080  \\$a(035)$2MRF
=245  00$aKdo je kdo :$bObec spisovatelů /$cúvodní poznámku (s. 5-6) napsal redaktor publikace Vladimír Novák.
=260  \\$aPraha :$bObec spisovatelů v nakladatelství Modrý jezdec,$c1996.
=300  \\$a184 s.
=380  \\$iMajor genre$aSecondary literature$leng
=490  1\$aKdo je kdo
=520  2\$aSlovníková příručka s biograficko-bibliografickými hesly spisovatelů - členů: Obec spisovatelů.
=524  \\$aNOVÁK, Vladimír: Kdo je kdo : Obec spisovatelů. Praha : Obec spisovatelů v nakladatelství Modrý jezdec, 1996.
=599  \\$axbibl
=610  27$aObec spisovatelů$7kn20020417001$2czenas
=648  \7$a1991-2000$7ch460587$2czenas
=650  04$aspisovatelské a literárněvědné organizace$xOPRAVA UCL
=650  04$aučebnice, slovníky a příručky$xOPRAVA UCL
=650  07$ačeská literatura$7ph116858$2czenas
=650  \7$aCzech literature$2ELB-n
=655  \7$apříručky$7fd133209$2czenas
=700  1\$aNovák, Vladimír$d(1931- )$4aui$7jk01090549$1http://viaf.org/viaf/165381866
=830  \0$aKdo je kdo
=910  \\$aABB060
=964  \\$a02.10.01
=964  \\$a02.12.04
=964  \\$a03.15
=964  \\$aB80
=995  \\$aČeská Literární Bibliografie
=FMT  BK
=OWN  \\$aUCLA
=SIF  \\$ass

