=LDR  02234nam a22005654a 4500
=001  001560484
=003  CZ\PrUCL
=005  20200709164934.0
=008  011116s1994\\\\xr\\\\\\\\\\\\|||\||cze\d
=020  \\$a80-901284-2-4
=035  \\$a(ISIS-B80-ID)B9048246
=035  \\$a(ISIS-B80-MFN)96485
=040  \\$aABB060$bcze
=080  \\$a(048.8)$2MRF
=080  \\$a(082)$2MRF
=245  00$aJosef Pekař a české dějiny 15.-18. století :$bsborník referátů z vědecké konference konané ve dnech 8.-9. dubna 1994 v Turnově a Sedmihorkách.
=260  \\$aSemily :$bStátní okresní archiv Semily pro Pekařovu společnost Českého ráje v Turnově,$c1994.
=300  \\$a196 s.
=380  \\$iMajor genre$aSecondary literature$leng
=380  \\$iMajor genre$aLiterature$leng
=381  \\$iMajor genre$aOther$leng
=490  1\$aZ Českého ráje a Podkrkonoší. Supplementum ;$vsv. 1
=520  2\$aKonferenční sborník.
=524  \\$aJosef Pekař a české dějiny 15. -18. století : sborník referátů z vědecké konference konané ve dnech 8. -9. dubna 1994 v Turnově a Sedmihorkách. Semily : Státní okresní archiv Semily pro Pekařovu společnost Českého ráje v Turnově, 1994.
=599  \\$axbibl
=600  17$aPekař, Josef$d(1870-1937)$7jk01092389$2czenas$1http://viaf.org/viaf/29582830
=650  04$apozůstalosti$xOPRAVA UCL
=650  07$adějiny$7ph114390$2czenas
=650  07$aetnografie$7ph137601$2czenas
=650  07$afilozofie$7ph114540$2czenas
=650  07$ahistoriografie$7ph114672$2czenas
=650  07$ahusitství$7ph120949$2czenas
=650  07$aliterární konference$7ph216759$2czenas
=650  07$anárodní obrození$7ph123437$2czenas
=650  07$aosobnosti$7ph115615$2czenas
=650  07$avýtvarné umění$7ph116708$2czenas
=650  07$aškolství$7ph116829$2czenas
=651  \7$aČeský ráj (Česko)$7ge128624$2czenas
=655  \7$asborníky$7fd163935$2czenas
=655  \7$astudie$7fd133597$2czenas
=830  \0$aZ Českého ráje a Podkrkonoší. Supplementum
=910  \\$aABB060
=964  \\$a02.06
=964  \\$a02.10.02
=964  \\$a05
=964  \\$aB80
=995  \\$aČeská Literární Bibliografie
=FMT  BK
=OWN  \\$aUCLA
=SIF  \\$ass

