=LDR  04167nam a22007694a 4500
=001  001560525
=003  CZ\PrUCL
=005  20200519145508.0
=008  170104s1996\\\\xr\\\\\\\\\\\\|||\||cze\d
=015  \\$acnb000131619
=020  \\$a80-7010-044-3
=035  \\$a(ISIS-B80-ID)B9048287
=035  \\$a(ISIS-B80-MFN)96526
=040  \\$aABB060$bcze
=072  \7$a72/76$xVýtvarné umění$2Konspekt$921
=080  \\$a(048.8)$2MRF
=080  \\$a(083.82)$2MRF
=245  00$aUmělecké sdružení Sursum :$b1910-1912 /$ckoncepce výstavy a redakce katalogu Hana Larvová ; lektor literárního oddílu Anna Jonáková.
=260  \\$aPraha :$bGalerie hlavního města Prahy :$bPamátník národního písemnictví,$c1996.
=300  \\$a303 s.
=380  \\$iMajor genre$aSecondary literature$leng
=380  \\$iMajor genre$aLiterature$leng
=381  \\$iMajor genre$aOther$leng
=520  2\$aKatalog (v české a anglické jazykové mutaci, anglická část s. 193-299) výstavy konané 25. 4.-25. 8. 1996 v Domě U kamenného zvonu v Praze; mj. o uvedených literátech; - s oddíly Recenze, dokumenty (s. 175-188); Data (s. 189-192).
=524  \\$aLARVOVÁ, Hana - JONÁKOVÁ, Anna: Umělecké sdružení Sursum : 1910-1912. Lektor literárního oddílu Anna Jonáková. Praha : Galerie hlavního města Prahy : Památník národního písemnictví, 1996.
=599  \\$axbibl
=600  17$aBitnar, Vilém$d(1874-1948)$7jk01012159$2czenas$1http://viaf.org/viaf/5920244
=600  17$aBorecký, Jaromír$d(1869-1951)$7jk01012636$2czenas$1http://viaf.org/viaf/114422428
=600  17$aDolenský, Antonín$d(1884-1956)$7jk01022589$2czenas$1http://viaf.org/viaf/43279496
=600  17$aFrynta, Emanuel$d(1888-1949)$7jk01032089$2czenas$1http://viaf.org/viaf/83713627
=600  17$aHauner, Emanuel$d(1875-1943)$7jk01040173$2czenas$1http://viaf.org/viaf/83724171
=600  17$aHauner, Emanuel$d(1875-1943)$7jk01040173$2czenas$1http://viaf.org/viaf/83724171
=600  17$aKnoesl, Bohuslav$d(1873-1958)$7jk01060856$2czenas$1http://viaf.org/viaf/83774824
=600  17$aMaixner, Miloš$d(1873-1937)$7jk01073090$2czenas$1http://viaf.org/viaf/83815403
=600  17$aMedek, Rudolf$d(1890-1940)$7jk01081030$2czenas$1http://viaf.org/viaf/25955120
=600  17$aNovotný, Oldřich$d(1884-1959)$7jk01090758$2czenas$1http://viaf.org/viaf/83844850
=600  17$aPasovský, Jaroslav$d(1890-1965)$7jk01091821$2czenas$1http://viaf.org/viaf/83852211
=600  17$aRaýman, Bohuslav L$d(1886- )$7jk01102133$2czenas$1http://viaf.org/viaf/83878130
=600  17$aReichmann, Jan$d(1885-1943)$7jk01102194$2czenas$1http://viaf.org/viaf/304597577
=600  17$aSoukup, Josef$d(1870-1949)$7jk01120548$2czenas$1http://viaf.org/viaf/83903796
=600  17$aVeselý, Jindřich$d(1885-1939)$7jk01142165$2czenas$1http://viaf.org/viaf/28136083
=600  17$aVáchal, Josef$d(1884-1969)$7jk01141125$2czenas$1http://viaf.org/viaf/4996208
=600  17$aŠelepa, Karel$d(1885-1969)$7jk01122742$2czenas$1http://viaf.org/viaf/83918642
=600  17$aŠimánek, Josef$d(1883-1959)$7jk01123001$2czenas$1http://viaf.org/viaf/83920489
=600  17$aŠárecká-Radoňová, Maryša$d(1890-1958)$7jk01122518$2czenas$1http://viaf.org/viaf/73087786
=610  27$aKatolická moderna (literární hnutí)$7kn20020626004$2czenas
=610  27$aSursum (sdružení)$7kn20050518002$2czenas
=648  \4$a1901-1920
=650  07$aliterární časopisy$7ph122407$2czenas
=650  07$asymbolismus (umění)$7ph126349$2czenas
=650  07$avýstavy$7ph116705$2czenas
=650  07$avýtvarné umění$7ph116708$2czenas
=655  \7$akatalogy$7fd132535$2czenas
=655  \7$astudie$7fd133597$2czenas
=700  1\$aJonáková, Anna$d(1943-2016)$4red$7jo2003197014$1http://viaf.org/viaf/34612653
=700  1\$aLarvová, Hana$4com$4red$7jx20080207021$1http://viaf.org/viaf/78066644
=710  2\$aGalerie hlavního města Prahy$1http://viaf.org/viaf/159444446
=910  \\$aABB060
=964  \\$a02.06
=964  \\$a02.11
=964  \\$a02.12.03
=964  \\$a03.07
=964  \\$aB80
=995  \\$aČeská Literární Bibliografie
=FMT  BK
=OWN  \\$aUCLA
=SIF  \\$ass

