=LDR  04201nam a22006734a 4500
=001  001560526
=003  CZ\PrUCL
=005  20210218154341.0
=008  170104s1996\\\\xr\\\\\\\\\\\\|||\||cze\d
=015  \\$acnb000138191
=020  \\$a80-85899-14-0
=035  \\$a(ISIS-B80-ID)B9048288
=035  \\$a(ISIS-B80-MFN)96527
=040  \\$aABB060$bcze
=072  \7$a81$xLingvistika. Jazyky$2Konspekt$911
=080  \\$a(048.8)$2MRF
=100  1\$aHausenblas, Karel$d(1923-2003)$7jk01040188$4aut$1http://viaf.org/viaf/47604936
=245  10$aOd tvaru k smyslu textu :$bstylistické reflexe a interpretace /$cKarel Hausenblas ; uspořádal a ediční poznámku napsali Alena Macurová, Petr Mareš ; úvodní studii napsala Alena Macurová ; bibliografii, rejstřík jmenný a věcný sestavil Petr Mareš.
=260  \\$aPraha :$bFilozofická fakulta Univerzity Karlovy,$c1996.
=300  \\$a227 s.
=380  \\$iMajor genre$aSecondary literature$leng
=505  20$tJazyk, styl, smysl, text - a stylistika [úvodní studie] /$rAlena Macurová,$gs. 5-12
=506  \\$aB80AN
=520  2\$aSoubor studií a článků z období po r. 1971, s bibliografii prací prof. Karla Hausenblase (s. 12-23, 149 položek) a s tematickými oddíly: Text a komunikace (s. 25-53); Styl a styly (s. 55-101); České myšlení o stylu (s. 103-139), se studiemi: Práce V. Mathesia o stylu a česká stylistika v uplynulém čtvrtstoletí (s. 105-117); Práce B. Havránka o stylu a stylistice (s. 117-129); Jak pracoval J. Mukařovský s pojmem sloh (styl)? (s. 129-139); Styl a smysl uměleckého textu (s. 141-202, interpretační studie): J. Neruda - U tří lilií - styl a smysl povídky (s. 143-151); Řeč o řeči v Nerudově povídce "U tří lilií" (s. 151-155); Ženské oko v Nerudově próze (155-161); Stylizace komunikačních jevů v umělecké próze. Na materiále Povídek malostranských Jana Nerudy (s. 161-169); Jízda vehiklem v příbězích B. Němcové a J. Nerudy (s. 169-178); Obraznost v Poláčkově výpravné próze (s. 179-192); Vlastní jména v umělecké literatuře (s. 193-202); se soupisem literatury (s. 203-212), s ediční poznámkou (s. 213) a s jmenným a věcným rejstříkem (s. 215-226).
=524  \\$aHAUSENBLAS, Karel - MACUROVÁ, Alena - MAREŠ, Petr et al.: Od tvaru k smyslu textu : stylistické reflexe a interpretace. Bibliografii, rejstřík jmenný a věcný sestavil Petr Mareš. Praha : Filozofická fakulta Univerzity Karlovy, 1996.
=599  \\$axbibl
=600  14$aMathesius, Vilém$xOPRAVA UCL
=600  17$aHavránek, Bohuslav$d(1893-1978)$7jk01040418$2czenas$1http://viaf.org/viaf/2483496
=600  17$aMukařovský, Jan$d(1891-1975)$7jk01082389$2czenas$1http://viaf.org/viaf/7403779
=600  17$aNeruda, Jan$d(1834-1891)$7jk01083209$2czenas$1http://viaf.org/viaf/41915819
=600  17$aNěmcová, Božena$d(1820-1862)$7jk01083016$2czenas$1http://viaf.org/viaf/56763450
=600  17$aPoláček, Karel$d(1892-1944)$7jk01100136$2czenas$1http://viaf.org/viaf/22302144
=650  04$astyl$xOPRAVA UCL
=650  07$ainterpretace a přijetí literárního díla$7ph137145$2czenas
=650  07$ajazyk$7ph114818$2czenas
=650  07$aliterární komunikace$7ph450991$2czenas
=650  07$aliterárněvědné rozbory$7ph138745$2czenas
=650  07$astylistika$7ph126173$2czenas
=650  07$ačeská próza$7ph116861$2czenas
=650  \7$aCzech literature$2ELB-n
=655  \7$abibliografie$7fd131898$2czenas
=655  \7$astudie$7fd133597$2czenas
=700  1\$aMacurová, Alena$d(1946- )$4aui$4com$4edt$7jk01072822$1http://viaf.org/viaf/80406019
=700  1\$aMareš, Petr$d(1954- )$4com$4edt$7jo20000080320$1http://viaf.org/viaf/262374708
=700  1\$aMareš, Petr$d(1954- )$4oth$4com$7jo20000080320$jbbg$1http://viaf.org/viaf/262374708
=787  08$aNeruda, Jan$tPovídky malostranské$4soubor povídek
=787  08$aNeruda, Jan$tU tří lilií$4povídka
=910  \\$aABB060
=964  \\$a02.01
=964  \\$a02.06
=964  \\$a02.12.01
=964  \\$a03.04
=964  \\$a03.05
=964  \\$a03.05.04
=964  \\$aB80
=995  \\$aČeská Literární Bibliografie
=FMT  BK
=OWN  \\$aUCLA
=SIF  \\$ass

