=LDR  01843nam a22005054a 4500
=001  001560527
=003  CZ\PrUCL
=005  20200422121815.0
=008  170104s1996\\\\xr\\\\\\\\\\\\|||\||cze\d
=020  \\$a80-85935-02-3
=035  \\$a(ISIS-B80-ID)B9048289
=035  \\$a(ISIS-B80-MFN)96528
=040  \\$aABB060$bcze
=072  \7$a655$xPolygrafie. Vydavatelství a knižní obchod$2Konspekt$912
=080  \\$a(01)$2MRF
=080  \\$a(035)$2MRF
=245  00$aAlmanach Labyrint 1996 :$bročenka revue Labyrint /$ceditor Joachim Dvořák.
=260  \\$aPraha :$bLabyrint,$c1996.
=300  \\$a560 s.
=380  \\$iMajor genre$aSecondary literature$leng
=506  \\$aBez čísla ČNB.
=520  2\$aAutorizovaný přehled produkce nakladatelství, výběrový soupis galerií, autorizovaný adresář distributorů, knihkupectví a antikvariátů, přehled knihoven; s úvodním textem Rukověť čtenáře (s. 5-6), s rejstříky.
=524  \\$aDVOŘÁK, Joachim: Almanach Labyrint 1996 : ročenka revue Labyrint. Praha : Labyrint, 1996.
=599  \\$axbibl
=648  \7$a1991-2000$7ch460587$2czenas
=650  07$aantikvariáty$7ph118507$2czenas
=650  07$agalerie$7ph120462$2czenas
=650  07$aknihkupectví$7ph121657$2czenas
=650  07$aknihovny$7ph114926$2czenas
=650  07$aliterární archivy$7ph122378$2czenas
=650  07$anakladatelství a vydavatelství$7ph115417$2czenas
=655  \7$abibliografie$7fd131898$2czenas
=655  \7$apříručky$7fd133209$2czenas
=700  1\$aDvořák, Joachim$d(1966- )$4edt$7jo2002157464$1http://viaf.org/viaf/62749437
=910  \\$aABB060
=964  \\$a02.06
=964  \\$a02.09.01
=964  \\$a02.12.01
=964  \\$a02.12.02
=964  \\$a03.15
=964  \\$aB80
=995  \\$aČeská Literární Bibliografie
=FMT  BK
=OWN  \\$aUCLA
=SIF  \\$ass

