=LDR  04159nam a22008294a 4500
=001  001560528
=003  CZ\PrUCL
=005  20200417161328.0
=008  170104s1996\\\\xr\\\\\\\\\\\\|||\||cze\d
=015  \\$acnb000116538
=020  \\$a80-7004-083-1
=035  \\$a(ISIS-B80-ID)B9048290
=035  \\$a(ISIS-B80-MFN)96529
=040  \\$aABB060$bcze
=072  \7$a791$xFilm. Cirkus. Lidová zábava$2Konspekt$93
=080  \\$a(048.8)$2MRF
=100  1\$aCieslar, Jiří$d(1951-2006)$7jn20000400416$4aut$1http://viaf.org/viaf/33626022
=245  10$aConcettino ohlédnutí :$bportréty, kritiky a eseje 1975-1995 /$cJiří Cieslar.
=260  \\$aPraha :$bNárodní filmový archiv,$c1996.
=300  \\$a311 s.
=380  \\$iMajor genre$aSecondary literature$leng
=490  1\$aKnihovna Iluminace ;$vsv. 7
=520  2\$aSoubor textů, mj. s recenzemi uvedených filmů; s autorovou bibliografií za léta 1975-1995 (s. 271-290); s rejstříkem jmenným a s rejstříkem filmů.
=524  \\$aCIESLAR, Jiří: Concettino ohlédnutí : portréty, kritiky a eseje 1975-1995. Praha : Národní filmový archiv, 1996.
=599  \\$axbibl
=600  14$aPaulová, Viktorie
=600  17$aBaar, Jindřich Šimon$d(1869-1925)$7jk01010468$2czenas$1http://viaf.org/viaf/54946709
=600  17$aCaisová, Věra$d(1945- )$7xx0025282$2czenas$1http://viaf.org/viaf/85458259
=600  17$aCimbura, Jan$d(1817-1898)$7pna2010561391$2czenas$1http://viaf.org/viaf/107482189
=600  17$aHrabal, Bohumil$d(1914-1997)$7jk01042564$2czenas$1http://viaf.org/viaf/34458072
=600  17$aKliment, Alexandr$d(1929-2017)$7jk01060558$2czenas$1http://viaf.org/viaf/51661848
=600  17$aKratochvíl, Miloš Václav$d(1904-1988)$7jk01062997$2czenas$1http://viaf.org/viaf/111346007
=600  17$aKörner, Vladimír$d(1939- )$7jk01061843$2czenas$1http://viaf.org/viaf/64266314
=600  17$aMácha, Karel Hynek$d(1810-1836)$7jk01072915$2czenas$1http://viaf.org/viaf/95263761
=600  17$aNývlt, Václav$d(1930-1999)$7jk01090868$2czenas$1http://viaf.org/viaf/27569164
=600  17$aNěmcová, Božena$d(1820-1862)$7jk01083016$2czenas$1http://viaf.org/viaf/56763450
=600  17$aPawlowská, Halina$d(1955- )$7jn99240000851$2czenas$1http://viaf.org/viaf/37649595
=600  17$aVihanová, Drahomíra$d(1930-2017)$7jn20000402539$2czenas$1http://viaf.org/viaf/84019305
=600  17$aVláčil, František$d(1924-1999)$7jk01150005$2czenas$1http://viaf.org/viaf/80357192
=600  17$aVávra, Otakar$d(1911-2011)$7jk01141751$2czenas$1http://viaf.org/viaf/42648509
=600  17$aČapek, Josef$d(1887-1945)$7jk01021020$2czenas$1http://viaf.org/viaf/29531402
=600  17$aČáp, František$d(1913-1972)$7jk01020982$2czenas$1http://viaf.org/viaf/71655723
=600  17$aŠteindler, Milan$d(1957- )$7jn20000402882$2czenas$1http://viaf.org/viaf/84021675
=650  07$afilm$7ph114534$2czenas
=650  07$afilmové adaptace$7ph117226$2czenas
=650  07$aliterární inspirace$7ph381209$2czenas
=650  07$ačeská literatura$7ph116858$2czenas
=650  \7$aCzech literature$2ELB-n
=655  \7$abibliografie$7fd131898$2czenas
=655  \7$astudie$7fd133597$2czenas
=710  2\$aNárodní filmový archív$1http://viaf.org/viaf/135160185
=787  08$aBaar, Jindřich Šimon$tJan Cimbura$4román
=787  08$aHrabal, Bohumil$tPříliš hlučná samota$4román
=787  08$aKliment, Alexandr$tPevnost$4povídka
=787  08$aPawlowská, Halina$tDíky za každé nové ráno$4novela
=787  08$aČapek, Josef$tStín kapradiny$4novela
=787  08$tBabička$nRežie František Čáp$4film
=787  08$tJan Cimbura$nRežie František Čáp$4film
=787  08$tMácha Karel Hynek$nRežie František Vláčil$4film
=787  08$tPříliš hlučná samota$nRežie Věra Caisová$4román
=787  08$tStín kapradiny$nRežie František Čáp$4film
=787  08$tVeronika$nRežie Otakar Vávra$4film
=830  \0$aKnihovna Iluminace
=910  \\$aABB060
=964  \\$a02.06
=964  \\$a02.12.01
=964  \\$a03.01
=964  \\$aB80
=995  \\$aČeská Literární Bibliografie
=FMT  BK
=OWN  \\$aUCLA
=SIF  \\$ass

