=LDR  02117nam a22004694a 4500
=001  001560529
=003  CZ\PrUCL
=005  20200415204611.0
=008  170104s1996\\\\xr\\\\\\\\\\\\|||\||cze\d
=015  \\$acnb000148163
=020  \\$a80-7021-191-1
=035  \\$a(ISIS-B80-ID)B9048291
=035  \\$a(ISIS-B80-MFN)96530
=040  \\$aABB060$bcze
=072  \7$a27$xKřesťanství. Křesťanská církev všeobecně. Eklesiologie$2Konspekt$95
=080  \\$a(048.8)$2MRF
=100  1\$aBílý, Jiří$d(1954- )$7jn20001005345$4aut$1http://viaf.org/viaf/263119213
=245  10$aJezuita Antonín Koniáš :$bosobnost a doba /$cJiří Bílý.
=260  \\$aPraha :$bVyšehrad,$c1996.
=300  \\$a280 s.
=380  \\$iMajor genre$aSecondary literature$leng
=490  1\$aHistorica
=520  2\$aMonografie, s kapitolami: "Enfant terrible" aneb Druhý život ve dvou stoletích; Věřím v jednoho Boha aneb Cesta reformace a protireformace k české duši; Ve zdech Klementina aneb Mládí a studia; Spasení všech duší žádostivý Antonius Koniass, S. J. missionarius aneb Redite ad unitatem!; Mnohých slz zástupů vylévání aneb Hlasatel pokání; Českých knížek hubitelé lítí aneb Koniáš v boji proti knihám; Zapalte kacířské bludy aneb Popěvky a písně při pálení knih; Učený a nábožný muž aneb Koniáš v boji vedeném vlastními knihami.
=524  \\$aBÍLÝ, Jiří: Jezuita Antonín Koniáš : osobnost a doba. Praha : Vyšehrad, 1996.
=599  \\$axbibl
=600  17$aKoniáš, Antonín$d(1691-1760)$7jk01061522$2czenas$1http://viaf.org/viaf/810982
=650  04$astarší česká literatura$xOPRAVA UCL
=650  07$ajezuité$7ph121349$2czenas
=650  07$aprotireformace$7ph124680$2czenas
=650  07$areformace$7ph125063$2czenas
=650  07$azakázané knihy$7ph127530$2czenas
=650  \7$aCzech literature$2ELB-n
=655  \7$amonografie$7fd132842$2czenas
=830  \0$aHistorica
=910  \\$aABB060
=964  \\$a03.02
=964  \\$a05
=964  \\$aB80
=995  \\$aČeská Literární Bibliografie
=FMT  BK
=OWN  \\$aUCLA
=SIF  \\$ass

