=LDR  03675nam a22006734a 4500
=001  001560530
=003  CZ\PrUCL
=005  20200430195717.0
=008  150214s1996\\\\xr\\\\\\\\\\\\|||\||cze\d
=015  \\$acnb000138055
=020  \\$a80-205-0512-1$q(Svoboda)
=020  \\$a80-901604-5-X$q(Georgetown)
=035  \\$a(ISIS-B80-ID)B9048292
=035  \\$a(ISIS-B80-MFN)96531
=040  \\$aABB060$bcze
=072  \7$a32$xPolitika$2Konspekt$915
=080  \\$a(0:82-4)$2MRF
=100  1\$aKlaus, V́aclav$d(1941- )$7jn19990218045$4aut$1http://viaf.org/viaf/64070163
=245  10$aMezi minulostí a budoucností :$bfilozofické a humanologické úvahy a eseje /$cVáclav Klaus ; slovo editora napsal Jaroslav Malina.
=260  \\$aBrno ;$aPraha :$bNadace Universitas Masarykiana :$bNakladatelství Georgetown :$bNakladatelství Svoboda,$c1996.
=300  \\$a390 s.
=380  \\$iMajor genre$aLiterature$leng
=381  \\$iMajor genre$aOther$leng
=490  1\$aHeureka
=520  2\$aSoubor textů publikovaných na stránkách deníků a časopisů v průběhu let 1990-1995 zabývajících se politikou, ekologií, historií nebo kulturou; v oddílu Osobnosti mj. o uvedených; s doporučenou literaturou (knižní publikace autora), s výkladovým rejstříkem nejdůležitějších jmen, s výkladovým rejstříkem nejdůležitějších pojmů, s medailonem O autorovi (s. 383-387).
=524  \\$aKLAUS, Václav - MALINA, Jaroslav: Mezi minulostí a budoucností : filozofické a humanologické úvahy a eseje. Slovo editora napsal Jaroslav Malina. Brno ; Praha : Nadace Universitas Masarykiana : Nakladatelství Georgetown : Nakladatelství Svoboda, 1996.
=599  \\$axbibl
=600  07$aJán Nepomucký, svätý, asi$csvatý,$d(1340-1393)$7jn20000728449$2czenas$1http://viaf.org/viaf/886145856881622920259
=600  07$aVáclav, český kníže, asiasi 935$cčeský kníže,$d(907- )$7jn20000728789$2czenas$1http://viaf.org/viaf/265778964
=600  14$aČerný, Václav$d(1905-1987)$xOPRAVA UCL$1http://viaf.org/viaf/17220404
=600  17$aKafka, Franz$d(1883-1924)$7jn19990218037$2czenas$1http://viaf.org/viaf/56611857
=600  17$aKnížák, Milan$d(1940- )$7jk01060827$2czenas$1http://viaf.org/viaf/61655780
=600  17$aKörner, Vladimír$d(1939- )$7jk01061843$2czenas$1http://viaf.org/viaf/64266314
=600  17$aMasaryk, Tomáš Garrigue$d(1850-1937)$7jk01080472$2czenas$1http://viaf.org/viaf/56651696
=600  17$aRieger, František Ladislav$cbaron,$d(1818-1903)$7jk01102434$2czenas$1http://viaf.org/viaf/50026160
=600  17$aVaculík, Ludvík$d(1926-2015)$7jk01141068$2czenas$1http://viaf.org/viaf/71404246
=600  17$aČapek, Josef$d(1887-1945)$7jk01021020$2czenas$1http://viaf.org/viaf/29531402
=600  17$aČapek, Karel$d(1890-1938)$7jk01021023$2czenas$1http://viaf.org/viaf/34454129
=610  24$aPen klub$xOPRAVA UCL
=650  04$atolerance$xOPRAVA UCL
=650  07$akultura$7ph122009$2czenas
=650  07$aliterární život$7ph122405$2czenas
=650  07$apolitika$7ph115795$2czenas
=650  07$avěda$7ph116676$2czenas
=650  07$ačeští spisovatelé$7ph128175$2czenas
=655  \7$aeseje$7fd132213$2czenas
=655  \7$aúvahy$7fd134000$2czenas
=700  1\$aMalina, Jaroslav$d(1945- )$4edt$4aui$7jn19990218065$1http://viaf.org/viaf/89813458
=710  2\$aNadace Universitas Masarykiana, Brno$1http://viaf.org/viaf/124174083
=710  2\$aNakladatelství Svoboda$1http://viaf.org/viaf/150119541
=830  \0$aHeureka
=910  \\$aABB060
=964  \\$a01
=964  \\$a02.06
=964  \\$aB80
=995  \\$aČeská Literární Bibliografie
=FMT  BK
=OWN  \\$aUCLA
=SIF  \\$ass

