=LDR  01530nam a22004094a 4500
=001  001560531
=003  CZ\PrUCL
=005  20200727142000.0
=008  170104s1996\\\\xr\\\\\\\\\\\\|||\||cze\d
=015  \\$acnb000146627
=020  \\$a80-85254-75-1
=035  \\$a(ISIS-B80-ID)B9048293
=035  \\$a(ISIS-B80-MFN)96532
=040  \\$aABB060$bcze
=072  \7$a929$xBiografie$2Konspekt$98
=080  \\$a(0:82-94)$2MRF
=100  1\$aHorníček, Miroslav$d(1918-2003)$7jk01042235$4aut$1http://viaf.org/viaf/32806042
=245  10$aSaze na hrušce :$bvzpomínky nejen na dětství /$cMiroslav Horníček ; úvodní slovo napsal Miroslav Holub.
=260  \\$aPlzeň :$bNava,$c1996.
=300  \\$a112 s.
=380  \\$iMajor genre$aLiterature$leng
=381  \\$iMajor genre$aOther$leng
=520  2\$aKniha vzpomínek, s úvodem O společných sazích (s. 5-7).
=524  \\$aHORNÍČEK, Miroslav - HOLUB, Miroslav: Saze na hrušce : vzpomínky nejen na dětství. Úvodní slovo napsal Miroslav Holub. Plzeň : Nava, 1996.
=599  \\$axbibl
=600  17$aHorníček, Miroslav$d(1918-2003)$7jk01042235$2czenas$1http://viaf.org/viaf/32806042
=650  07$aherci$7ph117199$2czenas
=655  \7$apaměti$7fd132997$2czenas
=700  1\$aHolub, Miroslav$d(1923-1998)$4aui$7jk01041818$1http://viaf.org/viaf/71459062
=710  2\$aNava$1http://viaf.org/viaf/583145424575686831031
=910  \\$aABB060
=964  \\$a05
=964  \\$aB80
=995  \\$aČeská Literární Bibliografie
=FMT  BK
=OWN  \\$aUCLA
=SIF  \\$ass

