=LDR  02439nam a22005054a 4500
=001  001560532
=003  CZ\PrUCL
=005  20200723114947.0
=008  170104s1996\\\\xr\\\\\\\\\\\\|||\||cze\d
=015  \\$acnb000116284
=020  \\$a80-7110-164-8
=035  \\$a(ISIS-B80-ID)B9048294
=035  \\$a(ISIS-B80-MFN)96533
=040  \\$aABB060$bcze
=072  \7$a929$xBiografie$2Konspekt$98
=080  \\$a(047.53)$2MRF
=100  1\$aHrabal, Bohumil$d(1914-1997)$7jk01042564$1http://viaf.org/viaf/34458072
=245  10$aKličky na kapesníku /$cBohumil Hrabal ; k vydání připravili a ediční poznámky napsali Vladimír Gardavský, Claudio Poeta, Václav Kadlec.
=260  \\$aPraha :$bPražská imaginace,$c1996.
=300  \\$a392 s.
=380  \\$iMajor genre$aLiterature$leng
=381  \\$iMajor genre$aOther$leng
=490  1\$aSebrané spisy Bohumila Hrabala ;$vsv. 17
=520  2\$aSvazek obsahuje kromě titulního románu-interview (ptal se a odpovědi zaznamenal László Szigeti, Praha - Dunajská Streda 1984-1986, Praha, Pražská imaginace 1987; Praha, Práce 1990) výběr z dalších rozhovorů, nezařazených do předchozích svazků, a několik přepisů zvukových záznamů z besed a rozhovorů; s edičními poznámkami (s. 375-387).
=524  \\$aHRABAL, Bohumil - GARDAVSKÝ, Vladimír - POETA, Claudio et al.: Kličky na kapesníku. K vydání připravili a ediční poznámky napsali Vladimír Gardavský, Claudio Poeta, Václav Kadlec. Praha : Pražská imaginace, 1996.
=599  \\$axbibl
=600  17$aHrabal, Bohumil$d(1914-1997)$7jk01042564$2czenas$1http://viaf.org/viaf/34458072
=600  17$aSzigeti, László$d(1949- )$7jo2009207123$2czenas$1http://viaf.org/viaf/90592582
=648  \7$a1981-1990$7ch460586$2czenas
=648  \7$a1991-2000$7ch460587$2czenas
=650  07$ačeští spisovatelé$7ph128175$2czenas
=655  \7$arozhovory$7fd133303$2czenas
=700  1\$aGardavský, Vladimír$d(1943- )$4edt$4wam$7xx0072929$1http://viaf.org/viaf/85775221
=700  1\$aKadlec, Václav$d(1951- )$4edt$4wam$7jn99240000405$1http://viaf.org/viaf/74008453
=700  1\$aPoeta, Claudio$d(1953- )$4edt$4wam$7jn20000604462$1http://viaf.org/viaf/84028439
=830  \0$aSebrané spisy Bohumila Hrabala
=910  \\$aABB060
=964  \\$a03.14
=964  \\$a03.15
=964  \\$a05
=964  \\$aB80
=995  \\$aČeská Literární Bibliografie
=FMT  BK
=OWN  \\$aUCLA
=SIF  \\$ass

