=LDR  02441nam a22005414a 4500
=001  001560533
=003  CZ\PrUCL
=005  20210305121824.0
=008  170104s1996\\\\xr\\\\\\\\\\\\|||\||cze\d
=035  \\$a(ISIS-B80-ID)B9048295
=035  \\$a(ISIS-B80-MFN)96534
=040  \\$aABB060$bcze
=080  \\$a(0:82-4)$2MRF
=100  1\$aUrbánek, Zdeněk$d(1917-2008)$7jk01140872$4aut$1http://viaf.org/viaf/29583837
=245  10$aDomy plné událostí :$bEseje o divadle a dramatu /$cZdeněk Urbánek ; připravil Karel Jadrný ; úvodní slovo O slohu (s. 5-8) napsal Sergej Machonin.
=260  \\$aPraha :$bArtfórum-Jazzová sekce :$bArkýř,$c1996.
=300  \\$a174 s.
=380  \\$iMajor genre$aLiterature$leng
=381  \\$iMajor genre$aOther$leng
=520  2\$aSoubor esejů, mj. : Hry v divadle trvale soudobém (s. 9-15); Na počátku je otázka (s. 17-20); Některé novověké definice dramatu (s. 21-29); další eseje mj. o: Shakespeare William, Genet Jean, Joyce James, o londýnském Národním divadle, o Brodwayi.
=524  \\$aURBÁNEK, Zdeněk - JADRNÝ, Karel - MACHONIN, Sergej et al.: Domy plné událostí : Eseje o divadle a dramatu. Úvodní slovo O slohu napsal Sergej Machonin. Praha : Artfórum-Jazzová sekce : Arkýř, 1996.
=599  \\$axbibl
=600  17$aGenet, Jean$d(1910-1986)$7jn20000601747$2czenas$1http://viaf.org/viaf/106050616
=600  17$aJoyce, James$d(1882-1941)$7jn19990004096$2czenas$1http://viaf.org/viaf/44300643
=600  17$aShakespeare, William$d(1564-1616)$7jn19981002129$2czenas$1http://viaf.org/viaf/96994048
=650  07$aanglicky psané drama$7ph118436$2czenas
=650  07$adivadelní věda$7ph162913$2czenas
=650  07$adivadlo$7ph119513$2czenas
=650  07$airská literatura$7ph114792$2czenas
=650  07$aněmecké drama$7ph123506$2czenas
=650  \7$aEnglish literature$2ELB-n
=650  \7$aDrama$2ELB-g
=650  \7$aIrish literature$2ELB-n
=650  \7$aGerman literature$2ELB-n
=655  \7$aeseje$7fd132213$2czenas
=700  1\$aJadrný, Karel$d(1946- )$4edt$7xx0059551$1http://viaf.org/viaf/24755482
=700  1\$aMachonin, Sergej$d(1918-1995)$4aui$7jk01073028$1http://viaf.org/viaf/44330507
=910  \\$aABB060
=964  \\$a02.02.03
=964  \\$a02.06
=964  \\$a04.01.03
=964  \\$a04.17.03
=964  \\$a04.49
=964  \\$aB80
=995  \\$aČeská Literární Bibliografie
=FMT  BK
=OWN  \\$aUCLA
=SIF  \\$ass

