=LDR  01951nam a22004814a 4500
=001  001560542
=003  CZ\PrUCL
=005  20210203160815.0
=008  170104s1996\\\\xr\\\\\\\\\\\\|||\||cze\d
=015  \\$acnb000148101
=020  \\$a80-901544-9-2
=035  \\$a(ISIS-B80-ID)B9048304
=035  \\$a(ISIS-B80-MFN)96543
=040  \\$aABB060$bcze
=072  \7$a811.162.3$xČeština$2Konspekt$911
=080  \\$a(0:82-4)$2MRF
=100  1\$aEisner, Pavel$d(1889-1958)$7jk01030380$4aut$1http://viaf.org/viaf/29654984
=245  10$aČeština poklepem a poslechem /$cPavel Eisner ; k vydání připravily, ediční poznámku a vysvětlivky napsaly Petra Papoušková, Petra Pátková ; úvodní poznámku napsal Alexandr Kliment.
=260  \\$aPraha :$bPražské nakladatelství Jiřího Janečka :$bnakladatelství B.Just,$c1996.
=300  \\$a312 s.
=380  \\$iMajor genre$aSecondary literature$leng
=380  \\$iMajor genre$aLiterature$leng
=381  \\$iMajor genre$aOther$leng
=520  2\$aEseje.
=524  \\$aEISNER, Pavel - PAPOUŠKOVÁ, Petra - PÁTKOVÁ, Petra et al.: Čeština poklepem a poslechem. Úvodní poznámku napsal Alexandr Kliment. Praha : Pražské nakladatelství Jiřího Janečka : nakladatelství B. Just, 1996.
=599  \\$axbibl
=648  \7$a1941-1950$7ch460582$2czenas
=650  07$aetymologie$7ph135251$2czenas
=650  07$ajazyk$7ph114818$2czenas
=650  07$alexikologie$7ph122286$2czenas
=655  \7$aeseje$7fd132213$2czenas
=655  \7$ajazykové slovníky$7fd132493$2czenas
=700  1\$aKliment, Alexandr$d(1929-2017)$4aui$7jk01060558$1http://viaf.org/viaf/51661848
=700  1\$aPapoušková, Petra$4edt$4wam$xOPRAVA UCL
=700  1\$aPátková, Petra$4edt$4wam$7mzk2012698192$1http://viaf.org/viaf/250615453
=910  \\$aABB060
=964  \\$a02.06
=964  \\$a03.10
=964  \\$aB80
=995  \\$aČeská Literární Bibliografie
=FMT  BK
=OWN  \\$aUCLA
=SIF  \\$ass

