=LDR  01612nam a22003854a 4500
=001  001560551
=003  CZ\PrUCL
=005  20170405141146.0
=008  170104s1996\\\\xr\\\\\\\\\\\\|||\||cze\d
=035  \\$a(ISIS-B80-ID)B9048313
=035  \\$a(ISIS-B80-MFN)96552
=040  \\$aABB060$bcze
=080  \\$a(048.8)$2MRF
=100  1\$aTrávníček, Mojmír$d(1931-2011)$7jn99240001204$4aut$1http://viaf.org/viaf/2522798
=245  10$aPouť a vyhnanství :$bŽivot a dílo Jana Čepa /$cMojmír Trávníček.
=260  \\$aBrno :$bProglas,$c1996.
=300  \\$a190 s.
=380  \\$iMajor genre$aSecondary literature$leng
=520  2\$aMonografie, s kapitolami: Literární dílo Jana Čepa, Myslechovice - Litovel - Praha, Stará Říše, 1927-1932, Intermezzo 1933, Francie 1934, Hranice stínu, 1935-1937, Válka, Čtyřicetiletý, Polní tráva, 1945-1948, V exilu, Epilog; s poznámkou (s. 169), s vysvětlivkami, s bibliografií Chronologie knižního díla J. Č. (s. 177-180), se jmenným rejstříkem.
=524  \\$aTRÁVNÍČEK, Mojmír: Pouť a vyhnanství : Život a dílo Jana Čepa. Brno : Proglas, 1996.
=599  \\$axbibl
=600  14$aČep, Jan$d(1902-1974)$7jk01021241$2czenas$1http://viaf.org/viaf/44339596
=648  \4$a1901-2000$xOPRAVA UCL
=650  07$aosobnosti$7ph115615$2czenas
=650  07$ačeská literatura$7ph116858$2czenas
=650  \7$aCzech literature$2ELB-n
=655  \7$amonografie$7fd132842$2czenas
=910  \\$aABB060
=964  \\$a03.05
=964  \\$a05
=964  \\$aB80
=995  \\$aČeská Literární Bibliografie
=FMT  BK
=OWN  \\$aUCLA
=SIF  \\$ass
